<?xml version="1.0" encoding="UTF-8"?>
<!DOCTYPE html PUBLIC "-//W3C//DTD XHTML 1.0 Transitional//EN"
    "http://www.w3.org/TR/xhtml1/DTD/xhtml1-transitional.dtd">
<html xmlns="http://www.w3.org/1999/xhtml" xml:lang="en" lang="en">
 <head>
  <title>
</title>
<meta http-equiv="Content-Type" content="text/html;charset=utf-8" />
  <meta name='ocr-system' content='tesseract 3.04.00' />
  <meta name='ocr-capabilities' content='ocr_page ocr_carea ocr_par ocr_line ocrx_word'/>
</head>
<body>
  <div class='ocr_page' id='page_1' title='image "./4626779_0083.png"; bbox 0 0 2098 3261; ppageno 0'>
   <div class='ocr_carea' id='block_1_1' title="bbox 916 116 1206 163">
    <p class='ocr_par' dir='ltr' id='par_1_1' title="bbox 916 116 1206 163">
     <span class='ocr_line' id='line_1_1' title="bbox 916 116 1206 163; baseline -0.003 -9"><span class='ocrx_word' id='word_1_1' title='bbox 916 116 1206 163; x_wconf 70' lang='lat'>...02-</span> 
     </span>
    </p>
   </div>
   <div class='ocr_carea' id='block_1_2' title="bbox 266 231 1909 972">
    <p class='ocr_par' dir='ltr' id='par_1_2' title="bbox 266 231 1909 415">
     <span class='ocr_line' id='line_1_2' title="bbox 271 231 1909 290; baseline 0 -11"><span class='ocrx_word' id='word_1_2' title='bbox 271 232 512 290; x_wconf 81' lang='lat' dir='ltr'><strong>,saepius“‚</strong></span> <span class='ocrx_word' id='word_1_3' title='bbox 543 234 618 278; x_wconf 89' lang='lat' dir='ltr'><strong>sed</strong></span> <span class='ocrx_word' id='word_1_4' title='bbox 655 232 829 288; x_wconf 81' lang='lat' dir='ltr'><strong>„saepe“</strong></span> <span class='ocrx_word' id='word_1_5' title='bbox 868 232 1137 287; x_wconf 77' lang='lat' dir='ltr'><strong>explicasset.</strong></span> <span class='ocrx_word' id='word_1_6' title='bbox 1190 232 1354 278; x_wconf 87' lang='lat' dir='ltr'><strong>Eodem</strong></span> <span class='ocrx_word' id='word_1_7' title='bbox 1385 232 1496 277; x_wconf 89' lang='lat' dir='ltr'><strong>enim</strong></span> <span class='ocrx_word' id='word_1_8' title='bbox 1523 231 1650 277; x_wconf 89' lang='lat' dir='ltr'><strong>modo</strong></span> <span class='ocrx_word' id='word_1_9' title='bbox 1681 231 1856 278; x_wconf 85' lang='lat' dir='ltr'><strong>Sinnius·</strong></span> <span class='ocrx_word' id='word_1_10' title='bbox 1906 276 1909 279; x_wconf 89' lang='lat'>.</span> 
     </span>
     <span class='ocr_line' id='line_1_3' title="bbox 266 300 1853 358; baseline 0 -12"><span class='ocrx_word' id='word_1_11' title='bbox 266 303 409 358; x_wconf 88' lang='lat' dir='ltr'><strong>pluria</strong></span> <span class='ocrx_word' id='word_1_12' title='bbox 453 304 498 345; x_wconf 86' lang='lat' dir='ltr'><strong>et</strong></span> <span class='ocrx_word' id='word_1_13' title='bbox 541 301 775 357; x_wconf 85' lang='lat' dir='ltr'><strong>compluria</strong></span> <span class='ocrx_word' id='word_1_14' title='bbox 818 313 903 346; x_wconf 88' lang='lat' dir='ltr'><strong>non</strong></span> <span class='ocrx_word' id='word_1_15' title='bbox 950 301 1242 356; x_wconf 84' lang='lat' dir='ltr'><strong>comparativa</strong></span> <span class='ocrx_word' id='word_1_16' title='bbox 1286 314 1382 347; x_wconf 88' lang='lat' dir='ltr'><strong>esse</strong></span> <span class='ocrx_word' id='word_1_17' title='bbox 1422 301 1499 346; x_wconf 87' lang='lat' dir='ltr'><strong>sed</strong></span> <span class='ocrx_word' id='word_1_18' title='bbox 1543 300 1751 357; x_wconf 86' lang='lat' dir='ltr'><strong>simplicia</strong></span> <span class='ocrx_word' id='word_1_19' title='bbox 1789 301 1853 346; x_wconf 86' lang='lat' dir='ltr'><strong>iu·</strong></span> 
     </span>
     <span class='ocr_line' id='line_1_4' title="bbox 269 371 526 415; baseline -0.012 0"><span class='ocrx_word' id='word_1_20' title='bbox 269 371 526 415; x_wconf 74' lang='lat' dir='ltr'><strong>dicaverat.v</strong></span> 
     </span>
    </p>

    <p class='ocr_par' dir='ltr' id='par_1_3' title="bbox 268 435 1875 972">
     <span class='ocr_line' id='line_1_5' title="bbox 402 435 1857 494; baseline 0.001 -12"><span class='ocrx_word' id='word_1_21' title='bbox 402 437 552 493; x_wconf 85' lang='lat' dir='ltr'>Neque</span> <span class='ocrx_word' id='word_1_22' title='bbox 581 436 751 481; x_wconf 89' lang='lat' dir='ltr'><strong>silentio</strong></span> <span class='ocrx_word' id='word_1_23' title='bbox 782 449 972 492; x_wconf 88' lang='lat' dir='ltr'><strong>premam</strong></span> <span class='ocrx_word' id='word_1_24' title='bbox 1001 435 1326 482; x_wconf 89' lang='lat' dir='ltr'><strong>similitudinem</strong></span> <span class='ocrx_word' id='word_1_25' title='bbox 1352 436 1578 493; x_wconf 86' lang='lat' dir='ltr'><strong>quandam,</strong></span> <span class='ocrx_word' id='word_1_26' title='bbox 1609 448 1722 494; x_wconf 85' lang='lat' dir='ltr'><strong>quae</strong></span> <span class='ocrx_word' id='word_1_27' title='bbox 1740 437 1857 485; x_wconf 79' lang='lat' dir='ltr'><strong>iuter</strong></span> 
     </span>
     <span class='ocr_line' id='line_1_6' title="bbox 268 504 1850 562; baseline 0 -11"><span class='ocrx_word' id='word_1_28' title='bbox 268 506 404 552; x_wconf 85' lang='lat' dir='ltr'><strong>Sinnii</strong></span> <span class='ocrx_word' id='word_1_29' title='bbox 433 506 770 560; x_wconf 85' lang='lat' dir='ltr'><strong>disputationem</strong></span> <span class='ocrx_word' id='word_1_30' title='bbox 799 506 853 550; x_wconf 90' lang='lat' dir='ltr'><strong>de</strong></span> <span class='ocrx_word' id='word_1_31' title='bbox 883 506 1097 561; x_wconf 88' lang='lat' dir='ltr'><strong>particula</strong></span> <span class='ocrx_word' id='word_1_32' title='bbox 1131 505 1318 561; x_wconf 74' lang='lat' dir='ltr'><strong>¹‚neque“</strong></span> <span class='ocrx_word' id='word_1_33' title='bbox 1354 510 1399 551; x_wconf 92' lang='lat' dir='ltr'><strong>et</strong></span> <span class='ocrx_word' id='word_1_34' title='bbox 1428 506 1555 551; x_wconf 84' lang='lat' dir='ltr'><strong>Gellii</strong></span> <span class='ocrx_word' id='word_1_35' title='bbox 1585 506 1639 550; x_wconf 93' lang='lat' dir='ltr'><strong>de</strong></span> <span class='ocrx_word' id='word_1_36' title='bbox 1673 504 1850 562; x_wconf 74' lang='lat' dir='ltr'><strong>„atque‘</strong></span> 
     </span>
     <span class='ocr_line' id='line_1_7' title="bbox 269 572 1856 629; baseline 0 -10"><span class='ocrx_word' id='word_1_37' title='bbox 269 577 310 619; x_wconf 90' lang='lat' dir='ltr'>X</span> <span class='ocrx_word' id='word_1_38' title='bbox 339 572 394 617; x_wconf 83' lang='lat'><strong>29</strong></span> <span class='ocrx_word' id='word_1_39' title='bbox 425 572 660 619; x_wconf 85' lang='lat' dir='ltr'><strong>intercedit.</strong></span> <span class='ocrx_word' id='word_1_40' title='bbox 720 573 788 618; x_wconf 85' lang='lat' dir='ltr'><strong>Ad</strong></span> <span class='ocrx_word' id='word_1_41' title='bbox 816 572 978 618; x_wconf 86' lang='lat' dir='ltr'><strong>fontem</strong></span> <span class='ocrx_word' id='word_1_42' title='bbox 1010 572 1136 618; x_wconf 85' lang='lat' dir='ltr'><strong>Gellii</strong></span> <span class='ocrx_word' id='word_1_43' title='bbox 1164 572 1452 629; x_wconf 88' lang='lat' dir='ltr'><strong>indagandum</strong></span> <span class='ocrx_word' id='word_1_44' title='bbox 1481 574 1856 628; x_wconf 86' lang='lat' dir='ltr'><strong>grammaticorum</strong></span> 
     </span>
     <span class='ocr_line' id='line_1_8' title="bbox 269 641 1855 697; baseline -0.001 -9"><span class='ocrx_word' id='word_1_45' title='bbox 269 643 425 689; x_wconf 81' lang='lat' dir='ltr'><strong>similia</strong></span> <span class='ocrx_word' id='word_1_46' title='bbox 467 641 573 686; x_wconf 86' lang='lat' dir='ltr'><strong>nihil</strong></span> <span class='ocrx_word' id='word_1_47' title='bbox 616 641 773 687; x_wconf 85' lang='lat' dir='ltr'><strong>valent.</strong></span> <span class='ocrx_word' id='word_1_48' title='bbox 832 642 941 687; x_wconf 89' lang='lat' dir='ltr'><strong>Nam</strong></span> <span class='ocrx_word' id='word_1_49' title='bbox 979 642 1052 697; x_wconf 88' lang='lat' dir='ltr'><strong>qui</strong></span> <span class='ocrx_word' id='word_1_50' title='bbox 1090 642 1282 696; x_wconf 87' lang='lat' dir='ltr'><strong>proxime</strong></span> <span class='ocrx_word' id='word_1_51' title='bbox 1321 642 1486 690; x_wconf 88' lang='lat' dir='ltr'><strong>accedit</strong></span> <span class='ocrx_word' id='word_1_52' title='bbox 1515 642 1633 687; x_wconf 87' lang='lat' dir='ltr'><strong>Serv.</strong></span> <span class='ocrx_word' id='word_1_53' title='bbox 1664 641 1721 686; x_wconf 87' lang='lat' dir='ltr'><strong>ad</strong></span> <span class='ocrx_word' id='word_1_54' title='bbox 1748 642 1855 687; x_wconf 82' lang='lat' dir='ltr'><strong>Aen.</strong></span> 
     </span>
     <span class='ocr_line' id='line_1_9' title="bbox 268 706 1858 764; baseline -0.002 -8"><span class='ocrx_word' id='word_1_55' title='bbox 268 710 329 756; x_wconf 91' lang='lat' dir='ltr'><strong>IV</strong></span> <span class='ocrx_word' id='word_1_56' title='bbox 358 709 456 758; x_wconf 85' lang='lat'>424,</span> <span class='ocrx_word' id='word_1_57' title='bbox 469 709 474 713; x_wconf 73' lang='grc'><strong><em>’</em></strong></span> <span class='ocrx_word' id='word_1_58' title='bbox 489 708 541 754; x_wconf 92' lang='lat' dir='ltr'><strong>cf.</strong></span> <span class='ocrx_word' id='word_1_59' title='bbox 572 709 627 754; x_wconf 90' lang='lat' dir='ltr'><strong>ad</strong></span> <span class='ocrx_word' id='word_1_60' title='bbox 647 709 804 763; x_wconf 87' lang='lat' dir='ltr'><strong>Georg.</strong></span> <span class='ocrx_word' id='word_1_61' title='bbox 834 710 856 752; x_wconf 94' lang='lat' dir='ltr'>I</span> <span class='ocrx_word' id='word_1_62' title='bbox 886 706 984 763; x_wconf 83' lang='lat'>203,</span> <span class='ocrx_word' id='word_1_63' title='bbox 1014 721 1153 764; x_wconf 87' lang='lat' dir='ltr'><strong>neque</strong></span> <span class='ocrx_word' id='word_1_64' title='bbox 1183 708 1402 753; x_wconf 77' lang='lat' dir='ltr'>auctorem</span> <span class='ocrx_word' id='word_1_65' title='bbox 1431 709 1621 763; x_wconf 84' lang='lat' dir='ltr'><strong>prodidit</strong></span> <span class='ocrx_word' id='word_1_66' title='bbox 1648 712 1694 753; x_wconf 85' lang='lat' dir='ltr'><strong>et</strong></span> <span class='ocrx_word' id='word_1_67' title='bbox 1722 709 1858 754; x_wconf 87' lang='lat' dir='ltr'><strong>distat</strong></span> 
     </span>
     <span class='ocr_line' id='line_1_10' title="bbox 268 776 1875 832; baseline -0.001 -9"><span class='ocrx_word' id='word_1_68' title='bbox 268 780 413 824; x_wconf 81' lang='lat' dir='ltr'><strong>tamen</strong></span> <span class='ocrx_word' id='word_1_69' title='bbox 443 790 495 823; x_wconf 87' lang='lat' dir='ltr'><strong>ea</strong></span> <span class='ocrx_word' id='word_1_70' title='bbox 524 790 595 827; x_wconf 91' lang='lat' dir='ltr'><strong>re,</strong></span> <span class='ocrx_word' id='word_1_71' title='bbox 646 777 760 832; x_wconf 87' lang='lat' dir='ltr'><strong>quod</strong></span> <span class='ocrx_word' id='word_1_72' title='bbox 790 776 1130 821; x_wconf 90' lang='lat' dir='ltr'><strong>coniunctionem</strong></span> <span class='ocrx_word' id='word_1_73' title='bbox 1165 780 1291 822; x_wconf 87' lang='lat' dir='ltr'><strong>vocat</strong></span> <span class='ocrx_word' id='word_1_74' title='bbox 1326 776 1645 831; x_wconf 85' lang='lat' dir='ltr'><strong>disiunctivam‚</strong></span> <span class='ocrx_word' id='word_1_75' title='bbox 1691 776 1875 829; x_wconf 14' lang='lat' dir='ltr'><strong>Gellius*</strong></span> 
     </span>
     <span class='ocr_line' id='line_1_11' title="bbox 271 840 1856 902; baseline -0.001 -9"><span class='ocrx_word' id='word_1_76' title='bbox 271 846 520 893; x_wconf 79' lang='lat' dir='ltr'><strong>adverbium</strong></span> <span class='ocrx_word' id='word_1_77' title='bbox 550 844 574 901; x_wconf 79' lang='lat'>§</span> <span class='ocrx_word' id='word_1_78' title='bbox 604 844 644 890; x_wconf 88' lang='lat'><strong>2.</strong></span> <span class='ocrx_word' id='word_1_79' title='bbox 704 845 839 891; x_wconf 89' lang='lat' dir='ltr'><strong>Sinnii</strong></span> <span class='ocrx_word' id='word_1_80' title='bbox 869 848 1016 889; x_wconf 87' lang='lat' dir='ltr'><strong>autem</strong></span> <span class='ocrx_word' id='word_1_81' title='bbox 1043 845 1183 890; x_wconf 89' lang='lat' dir='ltr'><strong>locum</strong></span> <span class='ocrx_word' id='word_1_82' title='bbox 1214 846 1370 891; x_wconf 82' lang='lat' dir='ltr'><strong>Festus</strong></span> <span class='ocrx_word' id='word_1_83' title='bbox 1402 846 1589 892; x_wconf 84' lang='lat' dir='ltr'><strong>servavit</strong></span> <span class='ocrx_word' id='word_1_84' title='bbox 1626 858 1668 902; x_wconf 90' lang='lat' dir='ltr'><strong>p.</strong></span> <span class='ocrx_word' id='word_1_85' title='bbox 1704 840 1785 889; x_wconf 84' lang='lat'><strong>162</strong></span> <span class='ocrx_word' id='word_1_86' title='bbox 1814 845 1856 891; x_wconf 88' lang='lat' dir='ltr'><strong>b.</strong></span> 
     </span>
     <span class='ocr_line' id='line_1_12' title="bbox 272 913 1005 972; baseline -0.005 -11"><span class='ocrx_word' id='word_1_87' title='bbox 272 928 401 972; x_wconf 85' lang='lat' dir='ltr'><strong>quem</strong></span> <span class='ocrx_word' id='word_1_88' title='bbox 429 913 685 970; x_wconf 83' lang='lat' dir='ltr'><strong>comparabo</strong></span> <span class='ocrx_word' id='word_1_89' title='bbox 716 927 812 959; x_wconf 89' lang='lat' dir='ltr'><strong>cum</strong></span> <span class='ocrx_word' id='word_1_90' title='bbox 843 914 1005 958; x_wconf 87' lang='lat' dir='ltr'><strong>Gellio:</strong></span> 
     </span>
    </p>
   </div>
   <div class='ocr_carea' id='block_1_3' title="bbox 273 992 1894 2350">
    <p class='ocr_par' dir='ltr' id='par_1_4' title="bbox 523 992 1713 1049">
     <span class='ocr_line' id='line_1_13' title="bbox 523 992 1713 1049; baseline -0.001 -11"><span class='ocrx_word' id='word_1_91' title='bbox 523 994 688 1038; x_wconf 85' lang='lat' dir='ltr'><strong>Gellius</strong></span> <span class='ocrx_word' id='word_1_92' title='bbox 716 993 758 1038; x_wconf 92' lang='lat' dir='ltr'>X</span> <span class='ocrx_word' id='word_1_93' title='bbox 787 992 854 1036; x_wconf 83' lang='lat'><strong>29.</strong></span> <span class='ocrx_word' id='word_1_94' title='bbox 974 1018 976 1022; x_wconf 70' lang='lat'>,</span> <span class='ocrx_word' id='word_1_95' title='bbox 1312 994 1468 1038; x_wconf 79' lang='lat' dir='ltr'><strong>Festus</strong></span> <span class='ocrx_word' id='word_1_96' title='bbox 1498 1006 1537 1049; x_wconf 90' lang='lat' dir='ltr'><strong>p.</strong></span> <span class='ocrx_word' id='word_1_97' title='bbox 1574 992 1653 1035; x_wconf 82' lang='lat'><strong>162</strong></span> <span class='ocrx_word' id='word_1_98' title='bbox 1674 993 1713 1037; x_wconf 87' lang='lat' dir='ltr'><strong>b.</strong></span> 
     </span>
    </p>

    <p class='ocr_par' dir='ltr' id='par_1_5' title="bbox 273 1060 1862 1731">
     <span class='ocr_line' id='line_1_14' title="bbox 327 1060 1861 1123; baseline -0.001 -17"><span class='ocrx_word' id='word_1_99' title='bbox 327 1060 528 1118; x_wconf 88' lang='lat' dir='ltr'><strong>„Atque“</strong></span> <span class='ocrx_word' id='word_1_100' title='bbox 544 1060 757 1123; x_wconf 86' lang='lat' dir='ltr'><strong>particula</strong></span> <span class='ocrx_word' id='word_1_101' title='bbox 773 1073 799 1105; x_wconf 91' lang='lat' dir='ltr'><strong>a</strong></span> <span class='ocrx_word' id='word_1_102' title='bbox 813 1061 1103 1116; x_wconf 84' lang='lat' dir='ltr'><strong>grammaticis</strong></span> <span class='ocrx_word' id='word_1_103' title='bbox 1213 1061 1356 1116; x_wconf 86' lang='lat' dir='ltr'><strong>‚‚Nec“</strong></span> <span class='ocrx_word' id='word_1_104' title='bbox 1371 1062 1707 1106; x_wconf 86' lang='lat' dir='ltr'><strong>coniunctionem</strong></span> <span class='ocrx_word' id='word_1_105' title='bbox 1721 1072 1861 1116; x_wconf 87' lang='lat' dir='ltr'><strong>gram-</strong></span> 
     </span>
     <span class='ocr_line' id='line_1_15' title="bbox 278 1125 1860 1187; baseline 0.001 -12"><span class='ocrx_word' id='word_1_106' title='bbox 278 1131 451 1187; x_wconf 89' lang='lat' dir='ltr'><strong>quidem</strong></span> <span class='ocrx_word' id='word_1_107' title='bbox 499 1130 739 1175; x_wconf 88' lang='lat' dir='ltr'><strong>coniunctio</strong></span> <span class='ocrx_word' id='word_1_108' title='bbox 791 1142 888 1174; x_wconf 86' lang='lat' dir='ltr'><strong>esse</strong></span> <span class='ocrx_word' id='word_1_109' title='bbox 945 1130 1105 1174; x_wconf 87' lang='lat' dir='ltr'><strong>dicitur</strong></span> <span class='ocrx_word' id='word_1_110' title='bbox 1174 1130 1318 1174; x_wconf 87' lang='lat' dir='ltr'><strong>matici</strong></span> <span class='ocrx_word' id='word_1_111' title='bbox 1348 1129 1441 1175; x_wconf 88' lang='lat' dir='ltr'><strong>fere</strong></span> <span class='ocrx_word' id='word_1_112' title='bbox 1469 1131 1616 1175; x_wconf 89' lang='lat' dir='ltr'><strong>dicunt</strong></span> <span class='ocrx_word' id='word_1_113' title='bbox 1649 1125 1747 1174; x_wconf 82' lang='lat' dir='ltr'><strong>esse</strong></span> <span class='ocrx_word' id='word_1_114' title='bbox 1775 1129 1860 1176; x_wconf 68' lang='lat' dir='ltr'><strong>di·-</strong></span> 
     </span>
     <span class='ocr_line' id='line_1_16' title="bbox 273 1196 1859 1262; baseline -0.001 -17"><span class='ocrx_word' id='word_1_115' title='bbox 273 1201 487 1262; x_wconf 85' lang='lat' dir='ltr'><strong>conexiva.</strong></span> <span class='ocrx_word' id='word_1_116' title='bbox 528 1199 589 1242; x_wconf 92' lang='lat' dir='ltr'><strong>Et</strong></span> <span class='ocrx_word' id='word_1_117' title='bbox 607 1199 858 1254; x_wconf 87' lang='lat' dir='ltr'><strong>plerumque</strong></span> <span class='ocrx_word' id='word_1_118' title='bbox 879 1211 984 1243; x_wconf 88' lang='lat' dir='ltr'><strong>sane</strong></span> <span class='ocrx_word' id='word_1_119' title='bbox 1003 1210 1101 1243; x_wconf 83' lang='lat' dir='ltr'><strong>con·</strong></span> <span class='ocrx_word' id='word_1_120' title='bbox 1171 1198 1416 1256; x_wconf 87' lang='lat' dir='ltr'><strong>iunctivam‚</strong></span> <span class='ocrx_word' id='word_1_121' title='bbox 1432 1202 1483 1244; x_wconf 92' lang='lat' dir='ltr'><strong>ut</strong></span> <span class='ocrx_word' id='word_1_122' title='bbox 1491 1210 1596 1255; x_wconf 88' lang='lat' dir='ltr'><strong>„nec</strong></span> <span class='ocrx_word' id='word_1_123' title='bbox 1605 1196 1739 1254; x_wconf 85' lang='lat' dir='ltr'><strong>legit·‘</strong></span> <span class='ocrx_word' id='word_1_124' title='bbox 1753 1210 1859 1254; x_wconf 79' lang='lat' dir='ltr'><strong>„nec</strong></span> 
     </span>
     <span class='ocr_line' id='line_1_17' title="bbox 274 1267 1861 1324; baseline -0.002 -11"><span class='ocrx_word' id='word_1_125' title='bbox 274 1269 414 1324; x_wconf 85' lang='lat' dir='ltr'><strong>iungit</strong></span> <span class='ocrx_word' id='word_1_126' title='bbox 453 1267 585 1312; x_wconf 87' lang='lat' dir='ltr'><strong>verba</strong></span> <span class='ocrx_word' id='word_1_127' title='bbox 612 1296 736 1312; x_wconf 89' lang='grc'><strong>.....</strong></span> <span class='ocrx_word' id='word_1_128' title='bbox 765 1268 843 1311; x_wconf 89' lang='lat' dir='ltr'><strong>sed</strong></span> <span class='ocrx_word' id='word_1_129' title='bbox 886 1268 1103 1311; x_wconf 89' lang='lat' dir='ltr'><strong>interdum</strong></span> <span class='ocrx_word' id='word_1_130' title='bbox 1174 1267 1322 1311; x_wconf 87' lang='lat' dir='ltr'><strong>scribit</strong></span> <span class='ocrx_word' id='word_1_131' title='bbox 1334 1268 1373 1322; x_wconf 90' lang='lat'><strong>“,</strong></span> <span class='ocrx_word' id='word_1_132' title='bbox 1418 1280 1514 1312; x_wconf 91' lang='lat' dir='ltr'><strong>cum</strong></span> <span class='ocrx_word' id='word_1_133' title='bbox 1544 1268 1580 1311; x_wconf 92' lang='lat' dir='ltr'><strong>si</strong></span> <span class='ocrx_word' id='word_1_134' title='bbox 1610 1267 1861 1322; x_wconf 85' lang='lat' dir='ltr'><strong>diligentius</strong></span> 
     </span>
     <span class='ocr_line' id='line_1_18' title="bbox 275 1333 1861 1391; baseline -0.001 -11"><span class='ocrx_word' id='word_1_135' title='bbox 275 1336 384 1380; x_wconf 89' lang='lat' dir='ltr'><strong>alias</strong></span> <span class='ocrx_word' id='word_1_136' title='bbox 434 1335 643 1391; x_wconf 85' lang='lat' dir='ltr'><strong>quasdam</strong></span> <span class='ocrx_word' id='word_1_137' title='bbox 693 1337 933 1389; x_wconf 85' lang='lat' dir='ltr'><strong>potestates</strong></span> <span class='ocrx_word' id='word_1_138' title='bbox 974 1334 1106 1379; x_wconf 90' lang='lat' dir='ltr'><strong>habet</strong></span> <span class='ocrx_word' id='word_1_139' title='bbox 1175 1335 1450 1390; x_wconf 86' lang='lat' dir='ltr'><strong>inspiciatur,</strong></span> <span class='ocrx_word' id='word_1_140' title='bbox 1521 1338 1571 1379; x_wconf 91' lang='lat' dir='ltr'><strong>ut</strong></span> <span class='ocrx_word' id='word_1_141' title='bbox 1618 1333 1720 1379; x_wconf 90' lang='lat' dir='ltr'><strong>fecit</strong></span> <span class='ocrx_word' id='word_1_142' title='bbox 1768 1334 1861 1380; x_wconf 88' lang='lat' dir='ltr'><strong>Sin·</strong></span> 
     </span>
     <span class='ocr_line' id='line_1_19' title="bbox 276 1403 1861 1458; baseline -0.001 -10"><span class='ocrx_word' id='word_1_143' title='bbox 276 1416 363 1448; x_wconf 92' lang='lat' dir='ltr'><strong>non</strong></span> <span class='ocrx_word' id='word_1_144' title='bbox 403 1404 511 1448; x_wconf 88' lang='lat' dir='ltr'><strong>satis</strong></span> <span class='ocrx_word' id='word_1_145' title='bbox 553 1406 679 1447; x_wconf 87' lang='lat' dir='ltr'><strong>notas</strong></span> <span class='ocrx_word' id='word_1_146' title='bbox 718 1403 801 1446; x_wconf 87' lang='lat' dir='ltr'><strong>nisi</strong></span> <span class='ocrx_word' id='word_1_147' title='bbox 840 1404 886 1446; x_wconf 91' lang='lat' dir='ltr'><strong>in</strong></span> <span class='ocrx_word' id='word_1_148' title='bbox 914 1406 1106 1447; x_wconf 89' lang='lat' dir='ltr'><strong>veterum</strong></span> <span class='ocrx_word' id='word_1_149' title='bbox 1176 1405 1273 1448; x_wconf 90' lang='lat' dir='ltr'><strong>nius</strong></span> <span class='ocrx_word' id='word_1_150' title='bbox 1303 1403 1470 1458; x_wconf 85' lang='lat' dir='ltr'><strong>Capito,</strong></span> <span class='ocrx_word' id='word_1_151' title='bbox 1501 1403 1682 1457; x_wconf 82' lang='lat' dir='ltr'><strong>intelligi</strong></span> <span class='ocrx_word' id='word_1_152' title='bbox 1710 1404 1861 1458; x_wconf 82' lang='lat' dir='ltr'><strong>possit,</strong></span> 
     </span>
     <span class='ocr_line' id='line_1_20' title="bbox 274 1470 1862 1527; baseline -0.001 -11"><span class='ocrx_word' id='word_1_153' title='bbox 274 1472 498 1516; x_wconf 91' lang='lat' dir='ltr'><strong>literarum</strong></span> <span class='ocrx_word' id='word_1_154' title='bbox 518 1471 775 1515; x_wconf 85' lang='lat' dir='ltr'><strong>tractatione</strong></span> <span class='ocrx_word' id='word_1_155' title='bbox 796 1472 839 1514; x_wconf 88' lang='lat' dir='ltr'><strong>et</strong></span> <span class='ocrx_word' id='word_1_156' title='bbox 859 1482 964 1515; x_wconf 88' lang='lat' dir='ltr'><strong>cura</strong></span> <span class='ocrx_word' id='word_1_157' title='bbox 985 1483 1106 1515; x_wconf 89' lang='lat' dir='ltr'><strong>exer·</strong></span> <span class='ocrx_word' id='word_1_158' title='bbox 1178 1483 1271 1515; x_wconf 85' lang='lat' dir='ltr'><strong>eam</strong></span> <span class='ocrx_word' id='word_1_159' title='bbox 1310 1471 1494 1527; x_wconf 88' lang='lat' dir='ltr'><strong>positam</strong></span> <span class='ocrx_word' id='word_1_160' title='bbox 1532 1483 1628 1516; x_wconf 88' lang='lat' dir='ltr'><strong>esse</strong></span> <span class='ocrx_word' id='word_1_161' title='bbox 1665 1470 1719 1516; x_wconf 91' lang='lat' dir='ltr'><strong>ab</strong></span> <span class='ocrx_word' id='word_1_162' title='bbox 1754 1471 1862 1515; x_wconf 88' lang='lat' dir='ltr'><strong>anti-</strong></span> 
     </span>
     <span class='ocr_line' id='line_1_21' title="bbox 274 1539 1862 1595; baseline -0.001 -11"><span class='ocrx_word' id='word_1_163' title='bbox 274 1541 387 1585; x_wconf 87' lang='lat' dir='ltr'><strong>citis.</strong></span> <span class='ocrx_word' id='word_1_164' title='bbox 427 1540 539 1584; x_wconf 88' lang='lat' dir='ltr'><strong>Nam</strong></span> <span class='ocrx_word' id='word_1_165' title='bbox 569 1543 615 1583; x_wconf 91' lang='lat' dir='ltr'><strong>et</strong></span> <span class='ocrx_word' id='word_1_166' title='bbox 643 1552 722 1593; x_wconf 89' lang='lat' dir='ltr'><strong>pro</strong></span> <span class='ocrx_word' id='word_1_167' title='bbox 752 1539 958 1583; x_wconf 86' lang='lat' dir='ltr'><strong>adverbio</strong></span> <span class='ocrx_word' id='word_1_168' title='bbox 978 1540 1107 1594; x_wconf 87' lang='lat' dir='ltr'><strong>valet,</strong></span> <span class='ocrx_word' id='word_1_169' title='bbox 1178 1541 1274 1595; x_wconf 90' lang='lat' dir='ltr'><strong>quis</strong></span> <span class='ocrx_word' id='word_1_170' title='bbox 1329 1552 1408 1594; x_wconf 89' lang='lat' dir='ltr'><strong>pro</strong></span> <span class='ocrx_word' id='word_1_171' title='bbox 1464 1551 1550 1583; x_wconf 89' lang='lat' dir='ltr'><strong>non</strong></span> <span class='ocrx_word' id='word_1_172' title='bbox 1601 1542 1862 1594; x_wconf 81' lang='lat' dir='ltr'><strong>(sequuntur</strong></span> 
     </span>
     <span class='ocr_line' id='line_1_22' title="bbox 278 1605 1405 1664; baseline -0.001 -11"><span class='ocrx_word' id='word_1_173' title='bbox 278 1619 373 1654; x_wconf 88' lang='lat' dir='ltr'><strong>cum</strong></span> <span class='ocrx_word' id='word_1_174' title='bbox 393 1608 592 1652; x_wconf 80' lang='lat' dir='ltr'><strong>dicimus:</strong></span> <span class='ocrx_word' id='word_1_175' title='bbox 624 1607 752 1652; x_wconf 88' lang='lat' dir='ltr'><strong>aliter</strong></span> <span class='ocrx_word' id='word_1_176' title='bbox 771 1617 852 1662; x_wconf 87' lang='lat' dir='ltr'><strong>ego</strong></span> <span class='ocrx_word' id='word_1_177' title='bbox 872 1605 955 1652; x_wconf 83' lang='lat' dir='ltr'><strong>feci</strong></span> <span class='ocrx_word' id='word_1_178' title='bbox 975 1610 1108 1662; x_wconf 92' lang='lat' dir='ltr'><strong>atque</strong></span> <span class='ocrx_word' id='word_1_179' title='bbox 1178 1606 1405 1664; x_wconf 83' lang='lat' dir='ltr'><strong>exempla).</strong></span> 
     </span>
     <span class='ocr_line' id='line_1_23' title="bbox 282 1680 537 1731; baseline -0.008 -10"><span class='ocrx_word' id='word_1_180' title='bbox 282 1680 332 1721; x_wconf 88' lang='lat' dir='ltr'><strong>tu</strong></span> <span class='ocrx_word' id='word_1_181' title='bbox 361 1688 399 1721; x_wconf 91' lang='lat' dir='ltr'><strong>e.</strong></span> <span class='ocrx_word' id='word_1_182' title='bbox 431 1688 472 1731; x_wconf 91' lang='lat' dir='ltr'><strong>q.</strong></span> <span class='ocrx_word' id='word_1_183' title='bbox 503 1689 537 1720; x_wconf 87' lang='lat' dir='ltr'><strong>s.</strong></span> 
     </span>
    </p>

    <p class='ocr_par' dir='ltr' id='par_1_6' title="bbox 276 1743 1894 2350">
     <span class='ocr_line' id='line_1_24' title="bbox 419 1743 1864 1800; baseline -0.001 -11"><span class='ocrx_word' id='word_1_184' title='bbox 419 1744 591 1789; x_wconf 88' lang='lat' dir='ltr'><strong>Sinnius</strong></span> <span class='ocrx_word' id='word_1_185' title='bbox 623 1743 764 1788; x_wconf 89' lang='lat' dir='ltr'><strong>Plauti</strong></span> <span class='ocrx_word' id='word_1_186' title='bbox 794 1746 839 1787; x_wconf 92' lang='lat' dir='ltr'><strong>et</strong></span> <span class='ocrx_word' id='word_1_187' title='bbox 858 1744 1037 1798; x_wconf 86' lang='lat' dir='ltr'><strong>Turpilii</strong></span> <span class='ocrx_word' id='word_1_188' title='bbox 1069 1747 1113 1788; x_wconf 90' lang='lat' dir='ltr'><strong>et</strong></span> <span class='ocrx_word' id='word_1_189' title='bbox 1142 1757 1195 1788; x_wconf 86' lang='lat' dir='ltr'><strong>ex</strong></span> <span class='ocrx_word' id='word_1_190' title='bbox 1223 1745 1308 1789; x_wconf 91' lang='lat' dir='ltr'><strong>XII</strong></span> <span class='ocrx_word' id='word_1_191' title='bbox 1335 1744 1495 1789; x_wconf 86' lang='lat' dir='ltr'><strong>tabulis</strong></span> <span class='ocrx_word' id='word_1_192' title='bbox 1524 1744 1718 1800; x_wconf 87' lang='lat' dir='ltr'><strong>exempla</strong></span> <span class='ocrx_word' id='word_1_193' title='bbox 1747 1747 1864 1788; x_wconf 80' lang='lat' dir='ltr'><strong>attu-</strong></span> 
     </span>
     <span class='ocr_line' id='line_1_25' title="bbox 282 1811 1864 1868; baseline 0 -11"><span class='ocrx_word' id='word_1_194' title='bbox 282 1813 415 1868; x_wconf 86' lang='lat' dir='ltr'><strong>lerat,</strong></span> <span class='ocrx_word' id='word_1_195' title='bbox 459 1811 623 1856; x_wconf 86' lang='lat' dir='ltr'><strong>Gellius</strong></span> <span class='ocrx_word' id='word_1_196' title='bbox 655 1823 706 1856; x_wconf 88' lang='lat' dir='ltr'><strong>ex</strong></span> <span class='ocrx_word' id='word_1_197' title='bbox 736 1811 888 1855; x_wconf 87' lang='lat' dir='ltr'><strong>Ennio.</strong></span> <span class='ocrx_word' id='word_1_198' title='bbox 948 1811 1114 1867; x_wconf 84' lang='lat' dir='ltr'><strong>Virgilii</strong></span> <span class='ocrx_word' id='word_1_199' title='bbox 1143 1812 1302 1867; x_wconf 90' lang='lat' dir='ltr'><strong>locum,</strong></span> <span class='ocrx_word' id='word_1_200' title='bbox 1345 1826 1470 1868; x_wconf 89' lang='lat' dir='ltr'><strong>quem</strong></span> <span class='ocrx_word' id='word_1_201' title='bbox 1499 1814 1666 1858; x_wconf 83' lang='lat' dir='ltr'><strong>scilicet</strong></span> <span class='ocrx_word' id='word_1_202' title='bbox 1693 1812 1864 1868; x_wconf 83' lang='lat' dir='ltr'><strong>Sinnius</strong></span> 
     </span>
     <span class='ocr_line' id='line_1_26' title="bbox 276 1881 1865 1936; baseline -0.001 -11"><span class='ocrx_word' id='word_1_203' title='bbox 276 1882 457 1928; x_wconf 86' lang='lat' dir='ltr'><strong>laudare</strong></span> <span class='ocrx_word' id='word_1_204' title='bbox 500 1893 586 1924; x_wconf 89' lang='lat' dir='ltr'><strong>non</strong></span> <span class='ocrx_word' id='word_1_205' title='bbox 630 1884 827 1935; x_wconf 89' lang='lat' dir='ltr'><strong>poterat,</strong></span> <span class='ocrx_word' id='word_1_206' title='bbox 870 1881 966 1935; x_wconf 86' lang='lat' dir='ltr'><strong>ipse</strong></span> <span class='ocrx_word' id='word_1_207' title='bbox 1010 1881 1191 1935; x_wconf 84' lang='lat' dir='ltr'><strong>indicat,</strong></span> <span class='ocrx_word' id='word_1_208' title='bbox 1246 1884 1400 1936; x_wconf 86' lang='lat' dir='ltr'><strong>postea</strong></span> <span class='ocrx_word' id='word_1_209' title='bbox 1443 1882 1714 1927; x_wconf 83' lang='lat' dir='ltr'><strong>subiunctum</strong></span> <span class='ocrx_word' id='word_1_210' title='bbox 1758 1891 1865 1926; x_wconf 81' lang='lat' dir='ltr'><strong>esse.</strong></span> 
     </span>
     <span class='ocr_line' id='line_1_27' title="bbox 278 1946 1865 2006; baseline -0.003 -11"><span class='ocrx_word' id='word_1_211' title='bbox 278 1948 453 1995; x_wconf 88' lang='lat' dir='ltr'><strong>Solebat</strong></span> <span class='ocrx_word' id='word_1_212' title='bbox 483 1948 611 2004; x_wconf 89' lang='lat' dir='ltr'><strong>enim,</strong></span> <span class='ocrx_word' id='word_1_213' title='bbox 641 1948 757 2004; x_wconf 88' lang='lat' dir='ltr'><strong>quod</strong></span> <span class='ocrx_word' id='word_1_214' title='bbox 783 1948 1045 1994; x_wconf 83' lang='lat' dir='ltr'><strong>Mercklinus</strong></span> <span class='ocrx_word' id='word_1_215' title='bbox 1075 1948 1213 1994; x_wconf 89' lang='lat' dir='ltr'><strong>multa</strong></span> <span class='ocrx_word' id='word_1_216' title='bbox 1242 1949 1462 2006; x_wconf 87' lang='lat' dir='ltr'><strong>diligentia</strong></span> <span class='ocrx_word' id='word_1_217' title='bbox 1493 1950 1682 1995; x_wconf 81' lang='lat' dir='ltr'><strong>ostendit</strong></span> <span class='ocrx_word' id='word_1_218' title='bbox 1709 1962 1751 2006; x_wconf 87' lang='lat' dir='ltr'><strong>p.</strong></span> <span class='ocrx_word' id='word_1_219' title='bbox 1781 1946 1865 1992; x_wconf 75' lang='lat'><strong>702</strong></span> 
     </span>
     <span class='ocr_line' id='line_1_28' title="bbox 278 2017 1866 2074; baseline 0 -11"><span class='ocrx_word' id='word_1_220' title='bbox 278 2030 385 2074; x_wconf 67' lang='lat' dir='ltr'><strong>sqq„</strong></span> <span class='ocrx_word' id='word_1_221' title='bbox 415 2019 453 2062; x_wconf 89' lang='lat' dir='ltr'><strong>si</strong></span> <span class='ocrx_word' id='word_1_222' title='bbox 484 2018 589 2072; x_wconf 90' lang='lat' dir='ltr'><strong>quid</strong></span> <span class='ocrx_word' id='word_1_223' title='bbox 617 2021 772 2072; x_wconf 87' lang='lat' dir='ltr'><strong>postea</strong></span> <span class='ocrx_word' id='word_1_224' title='bbox 800 2017 1001 2073; x_wconf 79' lang='lat' dir='ltr'><strong>addebat,</strong></span> <span class='ocrx_word' id='word_1_225' title='bbox 1032 2017 1193 2061; x_wconf 85' lang='lat' dir='ltr'><strong>talibus</strong></span> <span class='ocrx_word' id='word_1_226' title='bbox 1216 2019 1278 2062; x_wconf 90' lang='lat' dir='ltr'><strong>uti</strong></span> <span class='ocrx_word' id='word_1_227' title='bbox 1299 2017 1504 2072; x_wconf 83' lang='lat' dir='ltr'><strong>formulis,</strong></span> <span class='ocrx_word' id='word_1_228' title='bbox 1537 2019 1653 2073; x_wconf 79' lang='lat' dir='ltr'><strong>quali</strong></span> <span class='ocrx_word' id='word_1_229' title='bbox 1673 2017 1866 2064; x_wconf 78' lang='lat' dir='ltr'><strong>hocloco</strong></span> 
     </span>
     <span class='ocr_line' id='line_1_29' title="bbox 279 2085 1868 2142; baseline 0.002 -14"><span class='ocrx_word' id='word_1_230' title='bbox 279 2085 303 2141; x_wconf 78' lang='lat'>§</span> <span class='ocrx_word' id='word_1_231' title='bbox 333 2086 365 2128; x_wconf 92' lang='lat'>4</span> <span class='ocrx_word' id='word_1_232' title='bbox 412 2086 495 2142; x_wconf 88' lang='lat' dir='ltr'><strong>„Et</strong></span> <span class='ocrx_word' id='word_1_233' title='bbox 524 2089 751 2141; x_wconf 86' lang='lat' dir='ltr'><strong>praeterea</strong></span> <span class='ocrx_word' id='word_1_234' title='bbox 766 2118 777 2129; x_wconf 89' lang='lat'><strong>.</strong></span> <span class='ocrx_word' id='word_1_235' title='bbox 794 2118 806 2130; x_wconf 95' lang='lat'><strong>.</strong></span> <span class='ocrx_word' id='word_1_236' title='bbox 821 2115 833 2127; x_wconf 89' lang='lat'><strong>.</strong></span> <span class='ocrx_word' id='word_1_237' title='bbox 851 2118 862 2130; x_wconf 89' lang='lat'><strong>.</strong></span> <span class='ocrx_word' id='word_1_238' title='bbox 893 2091 1102 2140; x_wconf 86' lang='lat' dir='ltr'><strong>quoque.“</strong></span> <span class='ocrx_word' id='word_1_239' title='bbox 1166 2086 1285 2131; x_wconf 88' lang='lat' dir='ltr'><strong>Haec</strong></span> <span class='ocrx_word' id='word_1_240' title='bbox 1330 2087 1657 2142; x_wconf 82' lang='lat' dir='ltr'><strong>coniungentem</strong></span> <span class='ocrx_word' id='word_1_241' title='bbox 1700 2099 1770 2132; x_wconf 92' lang='lat' dir='ltr'><strong>me</strong></span> <span class='ocrx_word' id='word_1_242' title='bbox 1813 2096 1868 2132; x_wconf 81' lang='lat' dir='ltr'><strong>ne</strong></span> 
     </span>
     <span class='ocr_line' id='line_1_30' title="bbox 283 2155 1869 2211; baseline 0 -12"><span class='ocrx_word' id='word_1_243' title='bbox 283 2156 380 2211; x_wconf 87' lang='lat' dir='ltr'><strong>quis</strong></span> <span class='ocrx_word' id='word_1_244' title='bbox 411 2155 600 2199; x_wconf 85' lang='lat' dir='ltr'><strong>levitatis</strong></span> <span class='ocrx_word' id='word_1_245' title='bbox 631 2158 811 2209; x_wconf 87' lang='lat' dir='ltr'><strong>arguat:</strong></span> <span class='ocrx_word' id='word_1_246' title='bbox 857 2155 1014 2209; x_wconf 88' lang='lat' dir='ltr'><strong>quippe</strong></span> <span class='ocrx_word' id='word_1_247' title='bbox 1044 2155 1297 2208; x_wconf 81' lang='lat' dir='ltr'><strong>comparavi,</strong></span> <span class='ocrx_word' id='word_1_248' title='bbox 1342 2167 1428 2199; x_wconf 89' lang='lat' dir='ltr'><strong>non</strong></span> <span class='ocrx_word' id='word_1_249' title='bbox 1458 2167 1544 2210; x_wconf 89' lang='lat' dir='ltr'><strong>quo</strong></span> <span class='ocrx_word' id='word_1_250' title='bbox 1573 2156 1680 2200; x_wconf 83' lang='lat' dir='ltr'><strong>certi</strong></span> <span class='ocrx_word' id='word_1_251' title='bbox 1708 2155 1869 2211; x_wconf 82' lang='lat' dir='ltr'><strong>aliquid</strong></span> 
     </span>
     <span class='ocr_line' id='line_1_31' title="bbox 276 2222 1894 2281; baseline 0.001 -12"><span class='ocrx_word' id='word_1_252' title='bbox 276 2236 346 2269; x_wconf 91' lang='lat' dir='ltr'><strong>me</strong></span> <span class='ocrx_word' id='word_1_253' title='bbox 376 2223 595 2269; x_wconf 87' lang='lat' dir='ltr'><strong>crederem</strong></span> <span class='ocrx_word' id='word_1_254' title='bbox 625 2223 819 2275; x_wconf 88' lang='lat' dir='ltr'><strong>evicisse,</strong></span> <span class='ocrx_word' id='word_1_255' title='bbox 850 2223 927 2268; x_wconf 88' lang='lat' dir='ltr'><strong>sed</strong></span> <span class='ocrx_word' id='word_1_256' title='bbox 955 2222 1060 2268; x_wconf 86' lang='lat' dir='ltr'><strong>nihil</strong></span> <span class='ocrx_word' id='word_1_257' title='bbox 1089 2223 1378 2280; x_wconf 83' lang='lat' dir='ltr'><strong>neglecturus,</strong></span> <span class='ocrx_word' id='word_1_258' title='bbox 1410 2238 1494 2281; x_wconf 92' lang='lat' dir='ltr'><strong>quo</strong></span> <span class='ocrx_word' id='word_1_259' title='bbox 1513 2223 1739 2270; x_wconf 84' lang='lat' dir='ltr'><strong>videbatur</strong></span> <span class='ocrx_word' id='word_1_260' title='bbox 1762 2224 1868 2270; x_wconf 81' lang='lat' dir='ltr'><strong>haee</strong></span> <span class='ocrx_word' id='word_1_261' title='bbox 1891 2268 1894 2270; x_wconf 80' lang='grc'><strong>.</strong></span> 
     </span>
     <span class='ocr_line' id='line_1_32' title="bbox 279 2292 1579 2350; baseline 0 -11"><span class='ocrx_word' id='word_1_262' title='bbox 279 2293 334 2340; x_wconf 88' lang='lat' dir='ltr'><strong>de</strong></span> <span class='ocrx_word' id='word_1_263' title='bbox 366 2292 556 2339; x_wconf 84' lang='lat' dir='ltr'><strong>fontibus</strong></span> <span class='ocrx_word' id='word_1_264' title='bbox 588 2292 786 2350; x_wconf 87' lang='lat' dir='ltr'><strong>quaestio</strong></span> <span class='ocrx_word' id='word_1_265' title='bbox 817 2292 981 2348; x_wconf 87' lang='lat' dir='ltr'><strong>aliquid</strong></span> <span class='ocrx_word' id='word_1_266' title='bbox 1012 2293 1246 2348; x_wconf 86' lang='lat' dir='ltr'><strong>aliquando</strong></span> <span class='ocrx_word' id='word_1_267' title='bbox 1274 2294 1411 2339; x_wconf 79' lang='lat' dir='ltr'><strong>iuvari</strong></span> <span class='ocrx_word' id='word_1_268' title='bbox 1439 2307 1579 2350; x_wconf 82' lang='lat' dir='ltr'><strong>posse.</strong></span> 
     </span>
    </p>
   </div>
   <div class='ocr_carea' id='block_1_4' title="bbox 768 2409 1377 2477">
    <p class='ocr_par' dir='ltr' id='par_1_7' title="bbox 768 2409 1377 2477">
     <span class='ocr_line' id='line_1_33' title="bbox 768 2409 1377 2477; baseline 0.003 -20"><span class='ocrx_word' id='word_1_269' title='bbox 768 2409 849 2459; x_wconf 87' lang='grc'><strong>21.</strong></span> <span class='ocrx_word' id='word_1_270' title='bbox 923 2409 991 2459; x_wconf 90' lang='grc' dir='ltr'><strong>Μ.</strong></span> <span class='ocrx_word' id='word_1_271' title='bbox 1030 2409 1212 2459; x_wconf 85' lang='lat' dir='ltr'><strong>Tullius</strong></span> <span class='ocrx_word' id='word_1_272' title='bbox 1251 2410 1377 2477; x_wconf 81' lang='lat' dir='ltr'><strong>Tiro.</strong></span> 
     </span>
    </p>
   </div>
   <div class='ocr_carea' id='block_1_5' title="bbox 288 2498 1869 2626">
    <p class='ocr_par' dir='ltr' id='par_1_8' title="bbox 288 2498 1869 2626">
     <span class='ocr_line' id='line_1_34' title="bbox 418 2498 1867 2557; baseline 0.002 -13"><span class='ocrx_word' id='word_1_273' title='bbox 418 2501 485 2544; x_wconf 91' lang='lat' dir='ltr'><strong>De</strong></span> <span class='ocrx_word' id='word_1_274' title='bbox 528 2512 579 2545; x_wconf 90' lang='lat' dir='ltr'><strong>eo</strong></span> <span class='ocrx_word' id='word_1_275' title='bbox 626 2500 828 2556; x_wconf 86' lang='lat' dir='ltr'><strong>princeps</strong></span> <span class='ocrx_word' id='word_1_276' title='bbox 871 2499 991 2545; x_wconf 88' lang='lat' dir='ltr'><strong>locus</strong></span> <span class='ocrx_word' id='word_1_277' title='bbox 1035 2499 1223 2546; x_wconf 82' lang='lat' dir='ltr'><strong>habetur</strong></span> <span class='ocrx_word' id='word_1_278' title='bbox 1267 2500 1374 2546; x_wconf 93' lang='lat' dir='ltr'>XIII</span> <span class='ocrx_word' id='word_1_279' title='bbox 1416 2498 1466 2546; x_wconf 83' lang='lat'><strong>9:</strong></span> <span class='ocrx_word' id='word_1_280' title='bbox 1519 2499 1708 2552; x_wconf 77' lang='lat' dir='ltr'><strong>„Tullius</strong></span> <span class='ocrx_word' id='word_1_281' title='bbox 1752 2500 1867 2557; x_wconf 79' lang='lat' dir='ltr'><strong>Tire,</strong></span> 
     </span>
     <span class='ocr_line' id='line_1_35' title="bbox 288 2568 1869 2626; baseline 0.001 -12"><span class='ocrx_word' id='word_1_282' title='bbox 288 2569 374 2626; x_wconf 82' lang='lat' dir='ltr'><strong>,M.</strong></span> <span class='ocrx_word' id='word_1_283' title='bbox 402 2568 618 2614; x_wconf 86' lang='lat' dir='ltr'><strong>Ciceronis</strong></span> <span class='ocrx_word' id='word_1_284' title='bbox 647 2570 846 2614; x_wconf 87' lang='lat' dir='ltr'><strong>alumnus</strong></span> <span class='ocrx_word' id='word_1_285' title='bbox 876 2573 922 2615; x_wconf 90' lang='lat' dir='ltr'><strong>et</strong></span> <span class='ocrx_word' id='word_1_286' title='bbox 951 2570 1132 2615; x_wconf 86' lang='lat' dir='ltr'><strong>libertus</strong></span> <span class='ocrx_word' id='word_1_287' title='bbox 1162 2570 1420 2626; x_wconf 82' lang='lat' dir='ltr'><strong>adiutorque</strong></span> <span class='ocrx_word' id='word_1_288' title='bbox 1448 2571 1495 2614; x_wconf 86' lang='lat' dir='ltr'><strong>in</strong></span> <span class='ocrx_word' id='word_1_289' title='bbox 1522 2570 1679 2616; x_wconf 78' lang='lat' dir='ltr'><strong>litteris</strong></span> <span class='ocrx_word' id='word_1_290' title='bbox 1707 2571 1869 2616; x_wconf 52' lang='lat' dir='ltr'><strong>studio*-</strong></span> 
     </span>
    </p>
   </div>
   <div class='ocr_carea' id='block_1_6' title="bbox 280 2635 1870 2835">
    <p class='ocr_par' dir='ltr' id='par_1_9' title="bbox 280 2635 1870 2835">
     <span class='ocr_line' id='line_1_36' title="bbox 284 2635 1868 2697; baseline 0 -15"><span class='ocrx_word' id='word_1_291' title='bbox 284 2650 406 2695; x_wconf 75' lang='lat' dir='ltr'><strong>,rum</strong></span> <span class='ocrx_word' id='word_1_292' title='bbox 436 2638 531 2683; x_wconf 88' lang='lat' dir='ltr'><strong>eius</strong></span> <span class='ocrx_word' id='word_1_293' title='bbox 559 2637 677 2683; x_wconf 83' lang='lat' dir='ltr'><strong>fuit.“</strong></span> <span class='ocrx_word' id='word_1_294' title='bbox 741 2638 836 2684; x_wconf 92' lang='lat' dir='ltr'><strong>Hoc</strong></span> <span class='ocrx_word' id='word_1_295' title='bbox 865 2638 958 2685; x_wconf 91' lang='lat' dir='ltr'><strong>loco</strong></span> <span class='ocrx_word' id='word_1_296' title='bbox 996 2652 1050 2684; x_wconf 89' lang='lat' dir='ltr'><strong>ex</strong></span> <span class='ocrx_word' id='word_1_297' title='bbox 1077 2639 1187 2684; x_wconf 88' lang='lat' dir='ltr'><strong>libro</strong></span> <span class='ocrx_word' id='word_1_298' title='bbox 1223 2649 1380 2696; x_wconf 81' lang='lat' dir='ltr'><strong>graece</strong></span> <span class='ocrx_word' id='word_1_299' title='bbox 1406 2639 1614 2697; x_wconf 71' lang='lat' dir='ltr'><strong>inscripto</strong></span> <span class='ocrx_word' id='word_1_300' title='bbox 1641 2635 1868 2683; x_wconf 71' lang='grc' dir='ltr'><strong><em>πανδέκται</em></strong></span> 
     </span>
     <span class='ocr_line' id='line_1_37' title="bbox 280 2707 1869 2767; baseline 0.002 -14"><span class='ocrx_word' id='word_1_301' title='bbox 280 2707 569 2765; x_wconf 72' lang='lat' dir='ltr'><strong>fragmentum</strong></span> <span class='ocrx_word' id='word_1_302' title='bbox 599 2711 754 2754; x_wconf 80' lang='lat' dir='ltr'><strong>exstat.</strong></span> <span class='ocrx_word' id='word_1_303' title='bbox 815 2708 943 2763; x_wconf 82' lang='lat' dir='ltr'><strong>Quod</strong></span> <span class='ocrx_word' id='word_1_304' title='bbox 979 2708 1241 2755; x_wconf 25' lang='lat' dir='ltr'><strong>Lerachium*</strong></span> <span class='ocrx_word' id='word_1_305' title='bbox 1269 2709 1400 2766; x_wconf 79' lang='lat' dir='ltr'><strong>fugit,</strong></span> <span class='ocrx_word' id='word_1_306' title='bbox 1447 2710 1522 2767; x_wconf 78' lang='lat' dir='ltr'><strong>qui</strong></span> <span class='ocrx_word' id='word_1_307' title='bbox 1564 2709 1723 2757; x_wconf 85' lang='lat' dir='ltr'><strong>Philos.</strong></span> <span class='ocrx_word' id='word_1_308' title='bbox 1764 2709 1869 2766; x_wconf 80' lang='lat' dir='ltr'><strong>ling.</strong></span> 
     </span>
     <span class='ocr_line' id='line_1_38' title="bbox 281 2775 1870 2835; baseline 0 -8"><span class='ocrx_word' id='word_1_309' title='bbox 281 2777 398 2827; x_wconf 69' lang='lat' dir='ltr'><strong>Vett-</strong></span> <span class='ocrx_word' id='word_1_310' title='bbox 427 2778 495 2824; x_wconf 85' lang='lat' dir='ltr'><strong>m</strong></span> <span class='ocrx_word' id='word_1_311' title='bbox 519 2790 563 2834; x_wconf 89' lang='lat' dir='ltr'><strong>p.</strong></span> <span class='ocrx_word' id='word_1_312' title='bbox 593 2775 649 2821; x_wconf 72' lang='lat'><strong>4⁶</strong></span> <span class='ocrx_word' id='word_1_313' title='bbox 694 2777 788 2825; x_wconf 68' lang='lat' dir='ltr'><strong>boc·</strong></span> <span class='ocrx_word' id='word_1_314' title='bbox 818 2778 937 2824; x_wconf 73' lang='lat' dir='ltr'><strong>libro.</strong></span> <span class='ocrx_word' id='word_1_315' title='bbox 962 2779 1033 2823; x_wconf 61' lang='lat' dir='ltr'><strong>⁴de</strong></span> <span class='ocrx_word' id='word_1_316' title='bbox 1072 2778 1293 2826; x_wconf 67' lang='lat' dir='ltr'><strong>adverbiis</strong></span> <span class='ocrx_word' id='word_1_317' title='bbox 1320 2784 1464 2829; x_wconf 79' lang='lat' dir='ltr'><strong>actum</strong></span> <span class='ocrx_word' id='word_1_318' title='bbox 1490 2780 1639 2827; x_wconf 73' lang='lat' dir='ltr'><strong>..fuisse</strong></span> <span class='ocrx_word' id='word_1_319' title='bbox 1675 2778 1870 2835; x_wconf 62' lang='lat' dir='ltr'><strong>wniecit,</strong></span> 
     </span>
    </p>
   </div>
   <div class='ocr_carea' id='block_1_7' title="bbox 0 3196 2098 3261">
    <p class='ocr_par' dir='ltr' id='par_1_10' title="bbox 0 3196 2098 3261">
     <span class='ocr_line' id='line_1_39' title="bbox 0 3196 2098 3261; baseline 0 0"><span class='ocrx_word' id='word_1_320' title='bbox 0 3196 2098 3261; x_wconf 95' lang='lat' dir='ltr'><strong> </strong></span> 
     </span>
    </p>
   </div>
  </div>
 </body>
</html>
