2098 3256
880 141 1163 192 *45*

235 260 381 309 autem
408 256 518 306 libro
546 258 651 308 haec
681 259 796 304 dicta
814 257 985 312 fuerint,
1017 257 1118 312 quia
1137 257 1300 301 Gellius
1332 270 1418 301 non
1446 257 1647 312 prodidit,
1679 255 1818 299 aliena

196 356 200 361 «
234 325 391 377 indicia
419 326 740 381 circumspicere
770 325 970 379 cogimur.
1031 324 1193 376 Quibus
1224 338 1375 369 rursus
1405 324 1461 369 ad
1491 325 1517 368 l.
1548 324 1651 369 XIV
1682 323 1814 367 dedu-

233 394 381 443 cimur.
415 394 522 438 Vide
539 394 649 438 enim
665 395 724 437 sis
755 393 867 447 apud
894 391 1147 435 Merkelium
1170 392 1198 436 l.
1219 393 1233 434 l
1255 405 1293 446 p.
1316 392 1569 436 CLXXXVI
1584 391 1815 446 Augustini

237 462 528 510 testimonium
559 465 604 507 et
634 462 790 507 similia
821 460 1015 505 aliorum.
1077 460 1293 505 Certiores
1314 463 1471 520 quippe
1501 475 1579 506 nos
1609 461 1816 515 fecerunt,

231 526 314 583 hoc
341 530 449 576 libro
479 532 715 575 Varronem
736 530 839 574 deos
869 542 895 573 a
924 530 1200 583 conceptione
1222 529 1433 573 hominem
1456 543 1592 585 usque
1621 531 1675 573 ad
1706 541 1818 573 mor·

150 648 153 651 ,
233 602 320 646 tem
364 601 674 654 prosequentes
717 597 1044 641 enumeravisse.
1119 596 1348 651 Superiora
1392 601 1536 641 autem
1579 598 1720 652 capite
1764 597 1817 640 de

233 666 531 714 Carmentibus
562 667 767 720 disputat,
799 678 909 720 quae
939 665 1154 708 hominum
1187 667 1331 719 partui
1360 667 1564 720 praesint,
1595 667 1730 709 altero
1762 666 1815 708 de

232 734 462 791 Vatican0‚
508 747 666 791 „penes
708 747 833 790 quem
871 728 1081 779 humanae
1126 734 1244 779 vocis
1289 732 1456 779 initia.“
1515 734 1639 779 Hunc
1677 734 1815 779 locum

235 805 362 859 etiam
392 805 558 849 Merkel
592 818 631 859 p.
666 804 919 849 CLXXXVI
948 805 1070 848 inter-
1096 805 1238 858 quarti
1270 805 1422 848 decimi
1451 804 1548 847 libri
1577 804 1816 857 fragmenta

235 874 438 929 reposuit.
497 874 687 920 Priorem
723 886 809 929 qua
849 885 978 918 causa
1008 873 1161 917 ductus
1202 873 1257 917 ad
1287 873 1480 929 quintum
1509 873 1719 916 decimum
1748 885 1816 916 re-

234 942 400 991 tulerit,
440 954 524 985 non
563 954 742 996 prorsus
782 942 992 996 intelligo.
1052 941 1262 995 Equidem
1301 954 1411 995 quae
1441 953 1476 984 c.
1514 939 1563 981 16
1602 939 1816 984 habentur

132 1009 150 1035 Ὗ
234 1010 348 1065 apud
378 1009 562 1054 Gellium
592 1014 635 1054 et
666 1023 776 1065 quae
797 1010 992 1064 sequenti
1023 1010 1174 1063 capite,
1208 1009 1396 1053 eiusdem
1426 1008 1523 1052 libri
1554 1008 1812 1053 fuissekon·

233 1078 381 1130 tendo,
412 1091 490 1123 nec
518 1078 662 1133 priora
692 1078 957 1133 posterioriS,
989 1077 1230 1132 posteriora
1261 1077 1431 1131 prioris.
1451 1076 1480 1132 ¹)

369 1148 488 1192 Haec
518 1148 556 1192 si
584 1147 863 1203 probabiliter
892 1148 1137 1202 disputasse
1166 1147 1358 1196 videbor,
1403 1160 1547 1191 rerum
1578 1145 1814 1190 divinarum

232 1216 393 1260 nullum
424 1216 562 1261 adhuc
592 1217 673 1261 nisi
705 1218 849 1271 quarti
881 1217 1030 1261 decimi
1065 1216 1161 1259 libri
1190 1217 1418 1271 vestigium
1448 1215 1811 1270 deprehendimus·

229 1285 285 1331 Iu
311 1298 396 1339 quo
425 1284 527 1328 mihi
546 1285 717 1329 videtur
746 1298 829 1328 non
850 1285 1095 1329 substitisse
1116 1286 1285 1339 quidem
1305 1298 1497 1340 prorsus,
1527 1285 1603 1329 sed
1631 1285 1814 1329 maxime

231 1356 402 1399 versata
432 1365 528 1397 esse
558 1352 685 1397 Gellii
716 1366 857 1407 opera.

370 1421 444 1465 De
474 1421 660 1476 lingua
688 1420 861 1465 latina
890 1421 952 1464 ad
983 1421 1289 1465 Ciceronem
1332 1420 1465 1464 libros
1497 1433 1580 1464 non
1609 1423 1698 1463 tam
1728 1421 1815 1464 acri

233 1490 376 1535 studio
417 1490 615 1545 dignatus
656 1493 722 1533 est
762 1503 889 1545 quam
931 1491 1168 1545 exspectari
1199 1493 1381 1545 poterat.
1440 1490 1546 1534 Tres
1586 1489 1817 1533 laudantur

232 1558 314 1603 loci
352 1559 466 1602 omni
506 1558 771 1603 dubitatione
812 1563 1027 1613 carentes;
1073 1560 1126 1603 de
1167 1563 1321 1614 quarto
1359 1559 1578 1602 suboritur
1616 1559 1815 1613 suspicio.

233 1626 377 1672 Trium
406 1627 575 1671 illorum
605 1640 735 1670 unum
775 1628 830 1671 ad
860 1627 1171 1681 philosophiam
1201 1627 1368 1670 dimitto
1398 1627 1500 1670 XVI
1530 1625 1571 1681 8,
1601 1626 1645 1675 ὃς
1691 1639 1814 1680 prae·

232 1697 350 1742 terea
378 1695 578 1740 laudatur
607 1696 633 1738 l.
664 1696 725 1740 VI
754 1695 796 1752 (ξ
819 1695 892 1751 59)
924 1710 950 1740 a
981 1697 1117 1741 Gellio
1149 1697 1189 1740 X
1219 1695 1286 1747 21,
1317 1695 1343 1738 3
1375 1700 1419 1740 et
1448 1696 1475 1743 l.
1506 1696 1610 1740 VIII
1641 1694 1749 1740 Gell.
1769 1696 1811 1739 ΙΙ

232 1761 302 1818 25,
332 1763 371 1808 5.
429 1764 568 1809 Locus
599 1777 625 1808 a
655 1764 793 1809 Gellio
822 1765 878 1820 H,
909 1763 962 1807 25
1005 1757 1218 1809 exhibitus
1259 1777 1370 1808 nunc
1409 1765 1583 1819 quidem
1612 1765 1656 1808 in
1696 1764 1811 1808 codi-

230 1832 350 1880 cibus
380 1834 586 1878 Varronis
617 1835 899 1885 desideratur‚
934 1835 1009 1879 sed
1039 1835 1134 1879 vide
1165 1834 1361 1879 Muelleri
1392 1833 1524 1890 praef.
1554 1833 1705 1878 XLVI.
1756 1833 1814 1877 Et

231 1905 367 1949 totum
401 1907 530 1959 caput
559 1902 687 1947 Gellii
716 1904 922 1948 Varronis
962 1904 1203 1948 habendum
1244 1917 1339 1947 esse
1382 1916 1514 1958 supra
1552 1904 1815 1947 demonstra-

231 1970 329 2015 bam
360 1970 384 2026 ξ
414 1970 441 2012 3
472 1985 507 2015 a.
568 1972 686 2025 Quae
707 1976 853 2017 autem
878 1973 1043 2017 addidit
1073 1972 1096 2027 ἓ
1135 1972 1196 2026 10,
1227 1974 1465 2017 Varronem
1496 1973 1538 2016 in
1568 1972 1665 2016 aliis
1695 1971 1815 2015 libris

231 2039 367 2081 multa
407 2051 485 2093 pro
524 2040 723 2094 analogia
764 2041 1008 2094 scripsisse,
1055 2044 1253 2094 spectant
1282 2041 1336 2084 ad
1376 2041 1403 2083 l.
1434 2040 1496 2083 IX
1527 2041 1579 2083 de
1608 2041 1708 2093 ling.
1740 2040 1813 2083 lat.

232 2106 458 2151 Laudatur
487 2107 670 2164 denique
699 2108 756 2151 M.
787 2108 924 2153 Varro
955 2109 998 2151 in
1029 2108 1147 2152 libris
1189 2109 1242 2152 de
1281 2109 1426 2163 lingua
1456 2108 1588 2152 latina
1619 2121 1644 2151 a
1675 2107 1813 2151 Gellio

233 2175 293 2219 VI
329 2174 396 2229 11,
440 2174 467 2216 8
498 2179 543 2219 et
581 2177 712 2220 verba
751 2177 842 2220 eius
884 2177 1100 2231 adscripta
1141 2181 1264 2228 sunt,
1310 2189 1420 2232 quae
1461 2177 1659 2231 leguntur
1698 2177 1811 2231 apud

232 2243 467 2291 Varronem
487 2244 540 2292 X,
572 2244 638 2285 81.
689 2245 772 2290 Ubi
803 2249 848 2289 et
877 2245 1066 2289 laudatio
1090 2245 1228 2289 obiter
1246 2245 1361 2289 facta
1391 2249 1436 2289 et
1464 2245 1582 2288 locus
1605 2245 1813 2300 abruptus

232 2312 339 2361 adeo
370 2315 414 2356 et
444 2313 583 2357 nudus
614 2312 716 2357 mihi
753 2314 1000 2368 scrupulum
1031 2314 1243 2368 quendam
1273 2315 1532 2368 iniecerunt,
1573 2315 1634 2357 ita
1664 2318 1732 2367 ut,
1775 2314 1814 2356 si

231 2381 287 2427 ad
326 2380 535 2436 reliquum
573 2386 703 2436 caput
741 2385 959 2427 auctorem
998 2383 1273 2436 invenissem,
1319 2383 1417 2425 huic
1457 2382 1641 2426 libenter
1682 2382 1812 2425 etiam

162 2467 164 2470 ·
231 2448 437 2493 Varronis
469 2450 724 2495 mentionem
754 2451 961 2497 cederem.

369 2519 577 2574 Dignum,
623 2519 676 2563 de
706 2532 789 2574 quo
821 2518 889 2563 hic
920 2519 1155 2573 disputem,
1197 2519 1327 2562 alium
1356 2518 1496 2563 locum
1526 2518 1654 2563 Gellii
1683 2519 1726 2582 II
1757 2517 1807 2560 21

231 2587 285 2630 ad
328 2586 455 2636 finem
497 2590 727 2632 reservavi.
788 2588 922 2640 Quem
960 2588 1163 2631 haustum
1203 2600 1300 2631 esse
1329 2590 1458 2632 antea
1487 2587 1731 2633 arbitrabar
1761 2600 1813 2632 ex

240 2654 334 2700 ibro
364 2656 405 2700 d.
435 2656 539 2712 ling.
568 2655 643 2701 lat.
663 2657 744 2701 VII
775 2655 798 2711 ξ
831 2653 902 2701 74.
933 2656 1195 2711 Quamquam
1224 2655 1468 2702 offendebat
1487 2657 1535 2702 L.
1556 2657 1667 2702 Aelii
1697 2669 1812 2702 men-

374 2803 402 2847 ¹)
424 2801 527 2849 Idem
550 2803 774 2844 Mercklinus
798 2803 939 2847 censuit
960 2814 997 2849 p.
1023 2804 1103 2839 670.
