2098 3256
823 153 1138 201 ..ΜΤ-.-

0 245 61 307 ’ῗῖ
105 276 115 278 “
197 269 295 353 dam
323 285 585 331 responsum,
629 287 716 331 quo
759 274 1002 320 abutentem
1045 275 1255 331 quendam
1299 285 1350 318 eo
1394 269 1525 315 verbo
1568 262 1767 311 irriserit.

320 344 451 400 quia
479 343 689 399 Sulpicius
726 344 919 400 proferre
955 357 1038 389 non
1077 359 1128 400 po
1122 348 1248 390 terat
1291 342 1372 388 nisi
1409 342 1463 385 de
1497 335 1771 398 corruptitne

125 464 138 475 ἢ
249 412 521 469 disputans,
552 420 596 458 et
625 426 690 469 ea,
720 426 830 469 quae
857 413 938 458 hoc
966 415 1104 469 capite
1134 415 1345 468 leguntur,
1375 410 1517 456 omnia
1547 411 1592 452 et
1619 405 1684 450 III
1719 402 1771 444 ffi

174 479 222 534 ’ξ
256 479 442 536 18-19,
486 481 562 526 ubi
601 482 746 525 eadem
785 494 856 525 res
896 483 1105 536 tangitur,
1151 495 1177 525 a
1206 481 1397 534 Sulpicio
1425 481 1588 532 repeto.
1647 474 1769 517 Hanc

199 548 426 605 epistulam
455 553 555 604 post
583 552 762 594 mortem
793 551 978 595 auctoris
1014 549 1176 594 Gellius
1214 549 1369 604 legisse
1404 546 1594 600 videtur,
1639 551 1772 599 quum

197 616 333 661 dicat:
360 618 427 672 „in
447 619 631 674 quadam
652 619 833 673 epistula
853 619 1060 673 scriptum
1080 618 1337 672 reliquit“,
1355 618 1560 659 insertam
1579 615 1765 658 fortasse

199 684 310 730 libro
339 686 507 731 cuidam
536 687 832 742 quaestionum
864 687 1195 742 epistuliearum.
1236 686 1373 729 Aliter
1401 683 1676 727 statuendum
1703 684 1772 726 est

199 754 254 798 de
283 754 421 798 altera
451 754 623 809 Sulpicii
654 755 837 809 epistula
866 756 970 800 XIII
1001 754 1063 798 18.
1111 755 1274 798 Aderat
1303 754 1414 797 enim
1434 752 1610 807 Gellius,
1641 762 1770 805 quum

198 821 272 867 ille
301 822 457 867 Erucio
488 822 615 867 Claro
645 823 917 878 rescriberet,
954 824 1056 880 quid
1087 821 1346 881 significaret
1374 821 1418 865 in
1447 820 1640 865 oratione
1670 831 1771 875 qua·

201 890 299 936 dam
328 890 503 936 Catonis
538 893 673 947 „inter
702 905 749 936 os
780 896 825 936 et
853 891 1021 936 offam“.
1062 892 1184 945 Quod
1213 893 1521 945 interpretatur
1548 901 1665 932 more
1692 900 1770 931 suo

199 973 354 1017 graeco
384 974 578 1006 sermone
609 966 869 1018 comparato.
928 963 1083 1018 Seripti
1125 962 1221 1006 libri
1257 960 1484 1015 vestigium
1522 959 1650 1002 etiam
1687 956 1770 1000 alio

199 1030 293 1076 lbco
322 1030 471 1076 haberi
501 1036 605 1087 puto
634 1033 678 1077 II
713 1031 776 1086 16,
809 1031 848 1087 8,
879 1034 1174 1077 consentiente
1204 1031 1440 1075 Mercklino
1470 1043 1508 1083 p.
1531 1026 1626 1070 678.
1685 1026 1771 1070 Ubi

201 1098 327 1143 baec:
379 1100 563 1154 „Idcirco
593 1101 852 1156 Apollinaris
883 1100 1093 1156 Sulpicius
1123 1101 1235 1143 inter
1265 1103 1464 1151 cetera,
1496 1098 1548 1141 in
1578 1094 1773 1152 quibus

207 1168 552 1224 „Caesellium
583 1169 955 1224 reprehendit,
999 1169 1079 1213 hoc
1109 1182 1276 1225 quoque
1307 1170 1399 1211 eius
1431 1167 1554 1222 quasi
1585 1168 1773 1209 erratum

206 1235 565 1292 „animadvertit.“
609 1237 791 1280 Prorsus
823 1238 934 1280 enim
967 1237 1093 1280 simili
1123 1237 1248 1279 modo
1270 1236 1457 1279 Terentii
1488 1234 1636 1278 Scauri
1666 1233 1775 1276 liber

201 1305 453 1359 designatur
480 1304 543 1348 XI
578 1304 641 1358 15,
674 1303 722 1348 3:
759 1305 1007 1359 „Terentius
1038 1308 1181 1348 autem
1211 1305 1397 1348 Scaurus
1418 1337 1428 1347 .
1450 1336 1459 1347 .
1482 1336 1492 1346 .
1515 1336 1526 1346 .
1556 1304 1669 1346 inter
1689 1302 1772 1355 illa,

207 1385 341 1429 „quae
370 1373 423 1417 de
455 1372 653 1418 Caesellii
682 1374 898 1419 erroribus
928 1375 1179 1429 composuit,
1223 1374 1266 1417 in
1309 1373 1388 1417 hoc
1431 1385 1599 1428 quoque
1642 1370 1779 1415 verbe-

207 1454 400 1498 „errasse
429 1454 527 1485 eum
557 1442 768 1497 scripsit“‚
815 1447 860 1487 et
896 1443 1026 1487 verba
1059 1443 1232 1497 Sulpicii
1272 1445 1419 1486 nostro
1449 1441 1543 1486 loco
1575 1439 1776 1495 exhibita,

97 1527 114 1536 ·
201 1512 238 1555 si
267 1511 436 1555 tardam
465 1511 797 1566 impeditamque
826 1513 1266 1556 commemorationem
1298 1512 1556 1564 consideras,
1588 1524 1641 1553 ex
1660 1510 1769 1552 libro

199 1579 357 1635 potius,
387 1592 515 1635 qnam
544 1592 597 1623 ex
625 1593 700 1625 ore
729 1573 987 1637 disputantis
1016 1580 1209 1636 profecta
1239 1581 1337 1625 sint.
1377 1580 1531 1624 Utrum
1561 1591 1661 1622 vero
1691 1577 1777 1621 sin-

200 1649 338 1703 gulari
368 1648 510 1703 aliquo
540 1648 652 1692 libro
678 1662 734 1693 an
762 1650 805 1692 in
837 1650 1020 1703 epistula
1050 1650 1233 1704 quadam
1255 1649 1510 1692 Caesellium
1539 1648 1773 1691 insectatus

201 1717 277 1772 sit,
337 1716 558 1761 diiudicari
612 1719 779 1773 nequit:
834 1719 1151 1774 inscriptionem
1202 1719 1313 1762 enim
1364 1717 1464 1761 libri
1512 1729 1598 1760 non
1642 1714 1776 1759 edidit

200 1785 377 1830 Gellius.
440 1785 641 1830 Ceterum
685 1792 813 1842 caput
857 1791 994 1832 totum
1035 1800 1129 1832 cum
1170 1786 1367 1831 Caesellii
1407 1787 1499 1830 loco
1530 1799 1555 1829 a
1586 1783 1772 1838 Sulpicio

200 1861 386 1903 sumtum
417 1868 513 1901 esse
541 1859 659 1910 puto.

336 1924 527 1968 Transeo
568 1925 623 1968 ad
664 1937 738 1975 ea,
784 1937 895 1980 quae
924 1937 951 1967 a
981 1925 1166 1979 Sulpicio
1206 1936 1351 1968 coram
1381 1924 1556 1979 accepit.
1614 1921 1675 1966 IV
1710 1921 1773 1975 17,

206 1991 370 2035 11—-12
410 1997 626 2047 narratur,
672 1995 881 2049 quomodo
920 1993 1108 2038 obicibus
1145 1995 1187 2037 in
1218 1994 1399 2048 Vergilii
1435 2006 1564 2037 versu
1593 2004 1777 2046 pronun-

200 2061 331 2105 tiarit.
390 2061 471 2105 VII
501 2060 550 2115 6,
596 2062 644 2103 12
686 2063 739 2106 de
775 2063 869 2106 iure
908 2063 1087 2117 augurio
1129 2074 1339 2117 quaerens
1379 2062 1481 2116 (non
1515 2062 1569 2105 ad
1599 2058 1777 2114 Vergilii

201 2128 358 2185 locum)
378 2135 604 2185 praepetes
634 2144 728 2176 cum
748 2132 922 2176 Homeri
952 2131 1310 2189 τανυπτερύγεσσι
1339 2137 1573 2186 comparat.
1611 2130 1776 2174 Merck-

200 2197 314 2241 linus
359 2211 398 2252 p.
439 2197 523 2241 659
567 2199 620 2243 de
660 2199 844 2254 Sulpicio
889 2204 938 2244 ut
981 2201 1115 2244 totius
1152 2201 1305 2255 capitis
1344 2205 1519 2244 auctore
1558 2199 1774 2254 cogitavit.

200 2266 263 2310 XI
296 2266 360 2320 15,
382 2264 421 2307 ⁴8
451 2269 664 2311 sententia
694 2270 786 2311 eius
817 2269 869 2312 de
900 2270 1118 2313 adiectivis
1158 2270 1202 2311 in
1232 2269 1397 2311 bundus
1429 2268 1680 2312 exeuntibus
1709 2281 1777 2311 re-

69 2315 77 2320 *
113 2350 116 2354 ·
200 2334 348 2379 fertur.
408 2335 485 2380 Cui
530 2337 631 2392 quia
669 2349 816 2381 ansam
856 2338 1023 2382 dedisse
1063 2339 1207 2393 opinio
1245 2337 1440 2382 Caesellii
1481 2338 1523 2394 (ς’
1555 2337 1598 2393 2)
1639 2339 1776 2383 videri

202 2409 357 2462 potest,
401 2406 661 2450 Mercklinus
701 2407 729 2451 1.
759 2408 785 2451 1.
816 2407 955 2452 locum
992 2408 1207 2452 vindicare
1249 2409 1414 2452 studuit
1452 2408 1497 2451 in
1537 2409 1610 2452 illo
1651 2407 1774 2464 libro,

202 2488 327 2533 quem
357 2477 410 2521 de
430 2475 628 2521 Caesellii
659 2477 876 2522 erroribus
906 2478 1088 2532 scripsit,
1121 2479 1232 2522 unde
1252 2478 1415 2522 Gellius
1437 2479 1566 2522 etiam
1588 2478 1778 2522 Terentii

203 2545 351 2589 Scauri
380 2546 636 2589 mentionem
666 2545 690 2601 ξ
721 2544 746 2587 3
775 2545 1017 2600 repetisset.
1077 2547 1208 2602 Atqui
1248 2547 1341 2590 eius
1381 2547 1444 2590 rei
1481 2546 1645 2591 Gellius
1685 2548 1778 2591 nul-

201 2613 289 2656 lum
331 2614 531 2658 indicium
571 2615 770 2669 praebet,
814 2614 941 2657 immo
972 2627 1019 2658 se
1049 2615 1156 2658 haec
1193 2628 1246 2658 ex
1275 2615 1535 2674 Apollinaris
1566 2616 1778 2671 colloquio

203 2682 445 2736 percepisse
475 2684 623 2726 innuit.
682 2683 763 2726 XII
797 2681 848 2723 13
878 2682 902 2738 ς
933 2681 1085 2732 6-16,
1120 2682 1286 2724 19-20
1317 2684 1370 2729 de
1399 2686 1530 2729 variis
1560 2685 1783 2741 praeposi-

201 2749 330 2795 tionis
370 2751 483 2796 intra
522 2751 902 2807 significationibus
942 2753 1147 2807 disputat.
1206 2753 1308 2797 XVI
1339 2754 1379 2809 5,
1410 2755 1436 2795 5
1476 2755 1529 2798 de
1565 2754 1777 2809 particula

199 2831 253 2865 ve
297 2821 341 2864 et
379 2819 433 2864 de
472 2821 638 2878 origine
675 2833 766 2868 voc.
804 2820 1073 2867 vestibulum.
1148 2821 1268 2877 Quae
1314 2834 1446 2879 supra
1485 2822 1539 2867 ad
1578 2822 1777 2870 Verrium
