2098 3256
799 156 1125 217 ,ιη’--μ

154 353 157 355 ι
620 279 700 331 29.
760 278 814 330 Ο.
850 280 998 330 Iulius
1032 280 1262 345 Hyginus.
1328 264 1333 270 ¹

154 405 161 413 ,
207 369 227 375 ”
283 342 366 417 Cf.
380 372 497 417 Suet.
529 372 567 415 d.
598 370 656 416 ill.
687 382 749 426 gr.
781 382 816 415 c.
847 369 917 414 20.
976 371 1084 415 Eius
1124 370 1481 427 „commentaria,
1522 381 1637 425 quae
1676 370 1728 413 in

58 408 68 469 »Δ
146 413 437 508 Vergilium
464 438 592 485 fecit“
632 438 862 484 laudantur
900 439 922 483 I
952 438 1021 490 21,
1053 440 1092 485 2.
1150 435 1381 484 Existimat
1419 437 1593 483 deloco
1624 450 1729 495 quo-

61 565 63 568 ,
146 506 263 581 ιιᾳιιι
273 505 514 565 Georgicon
541 508 623 558 ita,
652 510 703 551 ut
733 520 785 551 ex
813 506 935 557 libro,
965 507 1039 562 qui
1070 510 1164 551 erat
1195 520 1246 551 ex
1274 508 1397 551 domo
1425 506 1626 562 Vergilii,
1657 518 1727 551 ve·

111 599 113 601 ·
144 588 245 713 33¹⁷„
266 574 493 634 lectionem
520 574 735 621 restituat.
792 575 851 619 Et
879 575 1069 620 virorum
1099 575 1322 620 doctorum
1347 586 1602 620 consensum
1631 574 1725 630 ipse

211 639 342 715 ginus
373 636 560 689 testatus
590 643 648 688 sit
678 641 701 699 ἓ
723 641 763 687 3.
783 668 838 677 -
868 643 1064 699 Hyginus
1094 643 1166 697 „in
1187 646 1339 699 quarto
1369 643 1584 698 librorum,
1616 654 1723 699 quos

150 707 240 789 „defi
266 710 512 769 Vergilio
553 711 682 757 iecit“
727 712 890 757 citatur
922 712 1024 757 XVI
1053 710 1093 768 6,
1129 711 1191 754 11.
1250 712 1366 766 Quos
1396 724 1491 756 cum
1499 711 1723 757 Graefen-

117 775 272 846 'liauio
301 781 414 828 Hist.
443 781 545 838 phil.
574 781 636 826 IV
655 779 740 824 279
769 785 814 826 et
842 781 1075 826 Mercklino
1106 795 1147 837 p.
1176 779 1259 823 659
1287 793 1371 825 non
1402 781 1594 826 diversos
1626 793 1722 826 esse

141 844 346 930 apris-or
368 864 395 895 a
434 850 747 896 commentariis
791 850 835 894 in
877 850 1126 906 Vergilium.
1149 849 1178 905 ¹)
1236 849 1381 894 Verba
1424 849 1582 906 Hygini
1626 851 1721 905 ipsa

140 916 435 985 transscripsit
463 921 611 964 noster
640 917 664 975 ᾖ
701 917 764 969 15,
794 931 933 974 neque
965 918 1088 973 plura
1117 920 1158 964 ei
1186 919 1401 964 vindicare
1422 919 1573 963 audeo.
1622 918 1719 964 Ser-

140 984 199 1033 vil
229 985 340 1032 enim
369 986 462 1031 loeo
493 987 548 1031 ad
577 986 684 1030 Aen.
719 986 781 1030 IV
800 985 868 1042 57,
899 998 984 1042 quo
1016 992 1061 1030 et
1090 986 1251 1042 Hygini
1281 989 1326 1030 et
1354 985 1516 1041 Nigidii
1546 989 1719 1031 senten-

138 1051 262 1131 tiam
273 1054 492 1100 coniunxit
520 1057 673 1099 neutro
703 1055 857 1110 citato,
902 1054 1022 1099 abuti
1060 1054 1164 1099 mihi
1202 1055 1393 1110 viderer,
1434 1067 1486 1098 ex
1515 1067 1567 1100 eo
1598 1056 1634 1100 si
1665 1055 1720 1100 ab

239 1124 309 1184 {no
347 1124 568 1169 laudatum
608 1136 704 1169 esse
742 1124 958 1180 Nigidium
999 1124 1255 1178 colligerem.
1327 1124 1593 1181 Quamquam
1633 1136 1719 1169 non

136 1177 298 1243 firmior
327 1196 394 1237 est
421 1193 556 1242 ratio,
594 1205 680 1248 qua
708 1193 882 1238 Merckl.
913 1194 940 1237 l.
971 1194 1012 1243 1.,
1058 1194 1159 1249 quia
1195 1197 1344 1238 nostro
1383 1193 1476 1238 loco
1507 1196 1552 1237 et
1580 1193 1662 1238 VH
1691 1195 1717 1236 6

136 1247 332 1326 Nigidius
362 1265 407 1307 et
434 1261 630 1317 Hyginus
651 1262 866 1307 coniuncti
896 1265 1134 1312 occurrunt,
1163 1263 1340 1307 tertium
1369 1262 1580 1318 quendam
1600 1265 1718 1306 utro-

132 1341 222 1388 que
249 1329 344 1374 loco
376 1330 557 1374 eundem
586 1332 804 1374 auctorem
834 1331 1001 1375 statuit.
1035 1354 1092 1361 —
1132 1331 1312 1385 Saepius
1340 1329 1575 1387 {praeterea
1603 1332 1717 1376 nude

136 1397 297 1451 citatur
324 1398 533 1454 Hyginus,
562 1397 636 1442 ubi
667 1410 797 1454 quum
827 1399 881 1444 de
910 1398 1093 1454 Vergilii
1121 1398 1316 1444 versibus
1341 1398 1542 1444 iudicium
1571 1398 1717 1455 faciat,

134 1462 227 1522 siue
244 1466 447 1545 periculo
477 1466 624 1511 eadem
654 1467 957 1511 commentaria
986 1466 1293 1522 intelligemus:
1325 1467 1365 1511 V
1406 1465 1434 1508 8
1464 1466 1536 1511 ubi
1565 1467 1719 1523 Vergi-

133 1524 239 1587 lium
268 1535 425 1580 erroris
455 1535 613 1591 arguit,
643 1535 718 1580 sed
748 1535 842 1591 ipse
872 1549 899 1580 a
928 1535 1067 1580 Gellio
1102 1535 1444 1591 reprehenditur,
1475 1535 1560 1580 VH
1580 1533 1620 1592 6,
1641 1536 1714 1580 ubi

134 1591 316 1669 arcessit
343 1604 540 1648 inscitiae
577 1605 621 1648 in
658 1605 905 1659 usurpando
942 1603 1149 1649 vocabulo
1188 1608 1430 1659 praepetes,
1489 1604 1623 1657 Quem
1654 1605 1714 1649 lo-

115 1682 231 1736 ·oum
259 1669 419 1728 Hygini
438 1671 661 1728 Mercklin,
690 1675 741 1716 ut
754 1672 880 1716 modo
902 1672 1062 1716 dictum
1078 1675 1158 1722 est,
1188 1684 1271 1716 non
1304 1684 1355 1716 ex
1384 1672 1478 1727 ipso
1493 1675 1712 1728 sumptum

134 1751 251 1795 esse,
282 1740 358 1787 sed
388 1753 441 1785 ex
469 1739 657 1795 Sulpicio
689 1730 925 1795 Apollinari
955 1740 1148 1785 coniecit.
1207 1740 1403 1795 Denique
1432 1739 1712 1796 reprehendit

90 1797 93 1803 ¹
133 1797 330 1877 Hyginus
359 1807 597 1864 Vergilium
637 1807 782 1852 multis
819 1806 1058 1851 nominibus
1088 1807 1128 1851 X
1162 1805 1225 1863 16,
1266 1807 1429 1852 Gellius
1475 1812 1567 1853 tres
1595 1808 1712 1854 locos

133 1871 294 1949 Hygini
333 1877 388 1922 ad
418 1880 583 1922 sextum
622 1876 778 1922 librum
816 1876 1028 1921 Aeneidos
1068 1877 1335 1931 pertinentes
1369 1878 1585 1933 congessit
1614 1876 1640 1934 ἓ
1674 1877 1711 1934 1,

137 1941 203 2001 1”,1
236 1940 440 1991 ⁷14.His
470 1944 581 1991 addo
612 1958 664 1990 ex
694 1945 860 1990 schedis
890 1946 996 1990 meis
1025 1945 1086 1990 VI
1115 1944 1263 2002 20,1‚
1303 1959 1430 2001 quem
1459 1946 1619 2001 locum,
1658 1946 1713 1991 ad

133 2010 259 2079 quem
279 2014 423 2072 aptius
442 2013 639 2069 referam,
668 2027 754 2058 non
782 2015 963 2059 invenio.
1022 2015 1177 2069 Agitur
1197 2015 1309 2059 enim
1339 2015 1393 2059 de
1421 2015 1588 2070 privato
1609 2027 1712 2071 quo·

45 2120 52 2125 .
131 2075 228 2139 dam
260 2083 357 2128 odio
386 2081 568 2139 Vergilii
596 2083 639 2127 in
669 2082 873 2138 Nolanos,
903 2095 1082 2139 quorum
1112 2095 1287 2139 nomen,
1329 2095 1460 2139 quum
1489 2086 1618 2128 antea
1646 2096 1713 2129 re-

130 2149 305 2215 citatum
336 2153 381 2195 et
409 2151 571 2195 editum
599 2150 728 2195 fuerit
757 2150 915 2206 Georg.
944 2151 988 2194 11
1018 2149 1117 2206 224,
1161 2155 1261 2206 post
1290 2155 1500 2196 mutatum
1530 2164 1625 2196 esse
1655 2152 1708 2197 ab

130 2211 226 2284 ipso
270 2223 401 2277 poeta
443 2219 498 2265 ob
542 2220 800 2276 denegatum
851 2219 1024 2276 aliquod
1067 2218 1338 2275 beneficium;
1389 2220 1502 2280 quod
1545 2219 1708 2266 Gellius

135 2285 408 2350 ,scriptum‘a
447 2289 608 2345 inquit,
650 2290 720 2346 „in
750 2289 936 2345 quodam
975 2290 1278 2333 commentario
1317 2288 1494 2333 inveni-‘¹
1559 2289 1710 2345 Vergi-

129 2350 235 2421 ιι9ιιι
266 2358 555 2412 commentarii
595 2360 747 2402 auctor
775 2356 963 2402 occurrit
1000 2357 1115 2413 apud
1147 2355 1330 2402 Gellium
1360 2355 1574 2401 Cornutus
1604 2369 1709 2413 quo-

129 2426 234 2500 999,
273 2415 348 2481 sed
378 2437 464 2482 uno
494 2427 661 2470 tantum
689 2424 795 2470 loco.
854 2425 918 2472 Ac
946 2437 1050 2470 vero
1089 2424 1195 2469 haee
1224 2424 1379 2469 notitia
1414 2424 1468 2468 de
1508 2424 1706 2471 secundis

126 2490 242 2563 curis
271 2494 453 2555 Vergilii
482 2493 615 2545 multo
645 2493 817 2543 melius,
857 2506 985 2549 quam
1013 2494 1057 2538 ιιι
1089 2492 1348 2549 Cornutum,
1378 2493 1494 2538 cadit
1521 2493 1564 2538 ιιι
1595 2497 1708 2546 9ιιιιι,

127 2560 210 2631 9ιιι
231 2554 425 2640 aequalis
454 2556 610 2621 poetae
631 2566 737 2619 erat,
768 2567 814 2609 et
842 2562 996 2608 librum
1027 2575 1079 2608 ex
1108 2561 1270 2608 familia
1290 2563 1382 2608 eius
1400 2561 1602 2611 habebat.
1649 2562 1709 2609 Et

32 2794 36 2797 <
202 2757 204 2760 ¹
267 2770 292 2818 1)
314 2769 428 2807 Immo
450 2771 647 2817 genuinum
668 2769 812 2808 titulum
827 2768 956 2807 habeo:
981 2767 1031 2806 de
1055 2768 1269 2817 Vergilio,
1291 2770 1352 2817 qui
1375 2769 1457 2806 loco
1473 2767 1699 2806 accuratiore

125 2826 287 2867 occurrit
306 2826 395 2867 XVI
422 2828 456 2872 6,
479 2838 562 2866 cum
584 2838 733 2867 numero
755 2827 847 2865 libri.
894 2826 949 2865 cf.
971 2836 1064 2873 quae
1087 2826 1137 2864 ad
1160 2827 1359 2867 cornutum
1382 2827 1508 2865 dicam.
