2098 3256
868 123 1156 173 ..39-

220 244 349 316 ritate
386 244 514 291 aliubi
550 259 654 292 usus
692 249 760 291 est
789 246 950 301 Varro,
1003 246 1116 301 apud
1159 246 1437 292 Censorinum
1474 246 1514 291 d.
1544 246 1614 291 die
1649 249 1738 291 nat.
1773 248 1797 289 2

221 312 273 358 cf.
294 313 476 380 “Merckl.
506 328 546 370 p.
578 314 675 357 650.

833 433 877 478 2.
948 431 1187 479 Euclides.

351 520 376 563 -Ι
415 519 494 575 20,
544 518 571 562 9
610 519 802 563 Euclidis
843 520 1129 564 mathematici
1176 519 1369 564 definitio
1413 521 1551 565 lineae
1592 533 1617 564 a
1658 520 1796 564 Gellio

221 588 409 639 affertur,
441 589 533 632 sine
563 589 688 632 titulo
720 591 862 631 tamen
894 588 1002 632 libri.
1064 588 1277 633 Summam
1307 589 1461 643 capitis
1492 589 1677 634 Varroni
1705 590 1795 633 vin-

220 657 440 700 dicandam
471 669 578 710 esse,
608 657 830 710 perspexit
860 656 1115 699 Ritschelius
1146 657 1342 711 idemque
1364 656 1551 700 Euclidis
1582 656 1795 701 definitio·

221 738 315 769 nem
356 725 454 768 inde
496 728 830 779 transsumptam
873 719 968 768 esse
1011 725 1213 779 coniecit,
1258 728 1424 779 quaest.
1455 726 1636 769 Varron.
1669 739 1708 780 p.
1741 725 1797 769 38

221 793 245 849 ξ
282 793 343 837 17.
384 793 505 846 Quod
534 793 637 837 mihi
668 806 717 837 eo
747 793 913 837 facilius
944 793 1155 850 probavit,
1184 794 1298 850 quod
1319 798 1492 849 praeter
1520 794 1631 839 hune
1659 794 1797 839 locum

219 862 407 910 Euclidis
438 863 693 905 mentionem
724 862 889 905 Gellius
919 862 1021 905 fecit
1050 863 1222 917 nullam,
1252 875 1390 917 neque
1418 864 1595 906 multam
1626 865 1796 907 omnino

219 940 392 983 operam
422 930 506 973 arti
535 929 859 974 mathematicae
890 931 1107 984 impendit.

592 1045 637 1094 3.
708 1046 1026 1095 Aristarchus,
1112 1047 1155 1094 4.
1231 1045 1412 1096 Grates

353 1137 443 1180 Hos
483 1148 651 1191 quoque
688 1149 739 1179 ex
779 1136 908 1179 Gellii
947 1140 1168 1179 auctorum
1204 1149 1380 1180 numero
1418 1137 1661 1180 eximendos
1699 1149 1796 1181 esse

215 1204 515 1249 demonstrabo
547 1208 590 1248 et
619 1217 705 1248 una
735 1203 942 1258 tractab0‚
974 1205 1073 1259 quia
1104 1205 1215 1258 apud
1248 1205 1428 1249 Gellium
1460 1206 1672 1249 coniuncti
1702 1205 1793 1249 lau-

216 1274 374 1317 dantur
402 1274 445 1316 ΙΙ
475 1272 542 1325 25,
576 1272 600 1314 3
633 1276 677 1316 et
706 1273 806 1316 XIV
837 1271 876 1321 6,
908 1271 947 1316 3.
1006 1272 1155 1315 Altero
1194 1273 1288 1316 loco
1327 1273 1429 1317 XIV
1468 1272 1516 1327 6,
1558 1272 1584 1315 3
1624 1274 1794 1316 omnino

215 1354 297 1385 non
327 1345 377 1384 ut
407 1346 603 1385 auctores
638 1342 887 1394 laudantur3
919 1341 1054 1384 altero
1086 1340 1217 1390 1125,
1250 1339 1275 1381 3
1307 1341 1477 1395 probari
1506 1342 1680 1395 poterit,
1710 1354 1794 1384 non

214 1409 348 1454 fuisse
379 1412 592 1453 auctores.
650 1409 758 1452 Nam
791 1411 1134 1463 propugnatores
1167 1421 1240 1453 eos
1272 1409 1513 1464 exstitisse,
1554 1408 1667 1453 hunc
1696 1422 1795 1453 ana-

215 1479 364 1532 logiae,
396 1478 516 1521 illum
545 1478 795 1532 anomaliae,
828 1490 879 1520 ex
901 1478 1051 1520 eodem
1078 1478 1170 1521 loco
1192 1478 1412 1527 Varronis,
1443 1491 1570 1533 quem
1590 1478 1794 1527 laudavit,

214 1547 253 1590 d.
285 1546 383 1601 ling.
414 1546 485 1590 lat.
516 1546 543 1590 l.
574 1546 692 1601 VIII,
723 1549 868 1590 noster
898 1546 1096 1601 colligere
1126 1547 1279 1600 potuit.
1341 1547 1459 1599 Quae
1490 1546 1654 1591 Gellius
1684 1547 1795 1590 Var-

192 1611 329 1658 'ronis
360 1614 570 1663 exhibuit,
610 1615 777 1658 codices
806 1613 921 1657 illius
951 1626 1037 1657 non
1067 1618 1311 1664 servarunt,
1354 1615 1431 1658 sed
1464 1616 1508 1658 in
1537 1614 1623 1659 fine
1653 1616 1794 1658 octavi

212 1683 308 1726 libri
348 1683 541 1737 exposita
578 1682 712 1727 fuisse
752 1682 1030 1736 probabiliter
1077 1683 1244 1727 censuit
1279 1682 1510 1727 Muellerus
1554 1683 1692 1737 praef.
1737 1683 1794 1727 ad

212 1751 335 1794 Varr.
366 1763 407 1805 p.
437 1750 595 1804 XLV1;
641 1750 695 1794 de
725 1749 963 1803 Aristarchi
1004 1752 1148 1794 autem
1189 1753 1233 1794 et
1263 1750 1449 1794 Cratetis
1490 1751 1564 1794 lite
1604 1751 1795 1806 loquitur

212 1819 352 1862 Varro
392 1819 509 1862 velut
538 1818 642 1863 VIII
673 1816 728 1860 68
769 1821 813 1862 et
854 1818 1096 1862 enarratius
1136 1819 1198 1863 IX
1232 1818 1268 1864 1.
1327 1819 1576 1863 Aristarcho
1608 1819 1794 1865 Gellium

212 1899 338 1930 usum
367 1899 462 1930 esse
493 1887 621 1930 etiam
642 1887 844 1941 Vogelius
875 1888 1049 1941 negavit
1077 1887 1104 1930 l.
1136 1888 1162 1931 1.
1194 1901 1232 1942 p.
1270 1886 1322 1929 14
1351 1901 1391 1931 n.
1423 1886 1499 1941 263
1531 1889 1584 1933 de
1616 1888 1793 1933 Cratete

214 1956 358 2000 nescio
389 1967 465 1999 cur
493 1967 576 1999 non
608 1956 720 2000 idem
747 1956 1011 2001 iudicaverit.

708 2070 753 2119 5.
827 2071 894 2120 M.
932 2071 1128 2121 Porcius
1167 2071 1301 2121 Cato.

355 2160 557 2206 Catonem
580 2161 717 2206 Gellio
748 2162 791 2206 in
822 2162 983 2207 deliciis
1014 2162 1074 2206 fui
1104 2175 1150 2207 se
1180 2163 1319 2217 primo
1342 2165 1571 2218 conspectu
1592 2165 1796 2217 apparet3

216 2232 287 2276 vix
326 2244 513 2286 unquam
552 2231 605 2275 de
645 2245 692 2276 re
738 2233 1018 2287 grammatica
1063 2236 1209 2277 noster
1253 2233 1478 2287 disseruit,
1531 2234 1633 2287 quin
1676 2232 1796 2276 illum

217 2303 373 2345 testem
404 2300 621 2344 excitaret.
680 2300 738 2344 At
767 2304 922 2345 testem
953 2301 1069 2355 dico,
1116 2307 1202 2344 non
1232 2305 1472 2348 auctorem:
1515 2300 1706 2356 exempla
1735 2300 1798 2344 di-

219 2369 373 2414 ctionis
411 2369 633 2413 innumera
662 2369 860 2423 praebuit
891 2370 1022 2425 Cato,
1066 2374 1294 2424 praecepta
1332 2371 1459 2415 nulla.
1520 2370 1643 2423 Quod
1672 2369 1797 2414 facile

217 2436 473 2495 explicatur,
531 2437 631 2491 quia
677 2448 761 2479 non
805 2436 1041 2481 abhorrens
1085 2438 1157 2481 ille
1204 2438 1372 2492 quidem
1410 2451 1436 2481 a
1473 2437 1797 2492 quaestionibus

217 2503 506 2559 grammaticis
536 2504 696 2548 nullum
727 2508 843 2548 certe
874 2504 1001 2549 huius
1032 2506 1137 2549 artis
1167 2496 1323 2549 librum
1353 2505 1560 2563 confecit..
1603 2507 1672 2551 Ita
1702 2519 1799 2551 eum

216 2573 260 2617 in
298 2572 378 2616 hac
416 2576 638 2616 auctorum
680 2574 999 2617 enumeratione
1037 2574 1359 2628 praeterissem,
1409 2575 1492 2619 nisi
1533 2577 1659 2620 unius
1699 2575 1798 2630 loci,

217 2643 407 2697 corrupti
446 2642 646 2693 fortasse,
691 2644 802 2687 ratio
842 2642 1037 2687 habenda
1077 2647 1204 2687 esset.
1264 2644 1326 2688 VI
1362 2644 1429 2695 10,
1471 2644 1496 2686 2
1538 2646 1630 2690 eius
1668 2643 1798 2688 verba

217 2710 448 2773 laudantur
487 2723 539 2755 ex
578 2712 715 2766 primo
758 2711 1073 2766 epistulicarum
1114 2713 1428 2766 quaestionum.
1498 2714 1589 2758 Hos
1621 2712 1796 2756 Catonis

217 2779 351 2824 libros
381 2791 458 2824 nec
488 2780 597 2825 alius
619 2781 844 2836 quisquam
872 2780 1246 2835 grammaticorum
1275 2794 1354 2827 nec
1375 2782 1538 2827 Gellius
1569 2783 1797 2837 praeterea
