2098 3256
861 145 1150 190 —55-

213 264 310 309 roni
337 263 603 319 cedebamus,
634 264 869 309 secundum
890 263 1030 307 locum
1059 262 1141 308 sibi
1172 264 1358 309 vindicat
1386 259 1583 316 Nigidius
1603 257 1794 313 Figulus.

214 332 268 377 cf.
294 330 402 377 Gell.
432 332 533 378 XIX
567 331 639 387 143
669 333 732 377 IV
767 330 839 381 163
870 332 931 376 IV
960 330 1000 375 9.

350 400 482 445 Cuius
526 401 708 445 maxime
757 399 989 444 familiares
1038 400 1175 445 Gellio
1218 400 1391 444 fuerunt
1433 396 1799 443 commentarii

130 520 134 523 Δ
159 471 163 475 “
212 471 565 525 grammatici,
598 469 714 524 quod
733 467 885 522 magis,
917 481 1043 523 quam
1073 470 1208 523 ipsius
1238 468 1526 512 testimonium
1554 465 1639 508 XII
1663 462 1796 518 14,4;

219 549 334 592 „cum
363 550 437 581 eos
471 550 567 590 uon,
609 537 771 590 opinor,
814 537 1027 580 incuriose
1064 534 1357 592 legissemus“‚
1387 533 1598 578 innumeri
1628 533 1712 578 loci
1742 545 1795 577 ex

213 606 265 649 iis
296 606 452 658 sumpti
483 608 712 647 testantur.
771 605 859 646 Eos
889 605 973 646 iam
1013 617 1183 659 cogam,
1227 603 1517 657 disputatione
1553 613 1706 645 rursus
1736 601 1791 644 ab

212 673 491 729 apertissimis
521 672 704 717 deducta
733 672 787 716 ad
818 672 1121 726 impeditiores.
1182 721 1184 723 ,

258 759 262 762 ·
316 754 322 759 ·
348 741 545 794 Nigidius
575 741 619 783 in
648 741 872 784 undecimo
903 738 1302 784 commentariorum
1321 739 1694 793 grammaticorum
1724 749 1796 780 oc-

212 810 347 855 currit
374 809 435 855 IV
465 808 504 864 9,
542 809 574 851 1.
633 810 739 854 Eius
767 809 898 854 verba
927 808 1220 864 trensscripsit
1239 812 1387 853 noster
1416 806 1496 862 52.
1557 806 1647 850 Nec
1676 805 1793 850 ultra

210 878 319 921 hanc
346 878 506 931 Nigidii
541 879 776 921 auctoritas
818 879 1034 931 pertinere
1068 878 1248 930 videtur,
1291 876 1342 920 cf.
1375 888 1487 929 quae
1527 875 1582 918 ad
1611 874 1795 917 Nonium

210 946 424 1000 disputavi
468 959 505 1000 p.
539 943 603 988 31.
650 945 957 1000 Coniungenda
986 949 1173 990 ceterum
1217 944 1405 989 fortasse
1447 956 1543 988 cum
1577 942 1657 986 hoc
1699 941 1792 987 loco

209 1016 329 1063 sunt,
371 1026 481 1067 quae
510 1014 573 1056 ΠΙ
607 1013 658 1053 12
699 1014 791 1056 sine
830 1014 928 1057 libri
969 1026 1144 1056 numero
1182 1026 1234 1056 ex
1272 1012 1443 1064 Nigidio
1482 1011 1639 1055 hausta
1667 1013 1792 1062 sunt;

208 1083 392 1135 utroque
421 1080 514 1124 loco
554 1080 607 1124 de
645 1080 866 1124 adiectivis
907 1081 950 1124 in
996 1079 1143 1136 „osns“
1190 1080 1356 1134 agitur:
1417 1081 1569 1123 nostro
1606 1079 1699 1122 loco
1737 1077 1792 1122 de

207 1148 435 1202 religiosus
469 1149 687 1202 vocabum,
718 1161 845 1192 versu
866 1150 1024 1192 veteris
1065 1152 1219 1202 poetae
1249 1148 1435 1199 adiecto,
1481 1147 1557 1190 illo
1587 1147 1641 1190 de
1672 1145 1788 1189 bibo·

207 1228 300 1266 sus,
330 1228 482 1260 rursus
516 1229 611 1261 cum
639 1229 765 1261 versu
786 1217 970 1261 Laberii.
1031 1216 1295 1272 Quamquam
1314 1215 1518 1260 Hertzius
1549 1215 1666 1259 locos
1685 1225 1785 1258 con-

156 1281 161 1285 ’
205 1285 383 1338 iungere
412 1297 497 1328 non
526 1297 658 1328 ausus
689 1288 757 1328 est
785 1285 880 1338 Nig.
913 1285 1007 1339 Fig.
1041 1298 1080 1338 p.
1109 1284 1170 1327 12.
1191 1285 1239 1328 L.
1260 1285 1405 1328 XXIII
1434 1284 1636 1328 laudatur
1665 1283 1790 1327 XVII

209 1351 247 1406 7,
278 1350 318 1406 4,
349 1353 463 1406 quod
493 1355 632 1396 totum
661 1355 790 1407 caput
819 1353 859 1396 ei
889 1353 1194 1407 assignandum
1226 1364 1321 1396 esse
1357 1364 1398 1406 p.
1429 1350 1457 1394 8
1486 1351 1633 1396 censui
1663 1350 1789 1394 Dirk-

207 1420 371 1465 senium
411 1425 595 1465 secutus.
653 1422 719 1465 Ex
758 1421 785 1466 1.
823 1421 964 1464 XXIV
1005 1420 1175 1470 Grellius¹
1212 1420 1378 1474 hausit,
1433 1433 1544 1474 quae
1586 1420 1693 1464 XIII
1736 1417 1792 1462 26

210 1489 410 1544 leguntur
453 1487 501 1544 ξς
538 1488 572 1543 1,
620 1488 659 1544 3,
704 1487 744 1533 4.
804 1489 868 1532 Ad
897 1488 1078 1532 eundem
1116 1488 1269 1532 librum
1307 1487 1448 1532 nescio
1492 1500 1547 1531 an
1577 1491 1694 1532 recte
1722 1500 1792 1533 re-

125 1568 128 1570 ·
208 1569 429 1611 vocemus,
475 1570 587 1610 quae
617 1570 669 1600 ex
700 1557 744 1600 P.
774 1556 936 1610 Nigidii
967 1557 1279 1599 commentariis
1311 1556 1602 1610 grammaticis
1634 1569 1792 1610 propo-

208 1625 294 1670 sita
322 1627 423 1668 sunt
450 1625 556 1668 XIII
583 1623 622 1679 6,
653 1621 678 1665 3
715 1625 939 1679 „Rusticus
969 1622 1018 1667 fit
1038 1636 1189 1678 sermo,
1230 1624 1265 1666 si
1296 1624 1492 1686 adspires
1522 1622 1785 1678 perperam!

209 1692 448 1737 Adnotavit-
481 1693 591 1736 enim
629 1692 791 1735 Gellius
821 1696 1004 1746 utroque
1034 1691 1126 1735 loco
1156 1692 1262 1735 XIII
1293 1689 1341 1746 6,
1378 1691 1395 1731 1
1440 1694 1486 1735 et
1513 1691 1619 1736 XIII
1647 1690 1717 1747 26,
1748 1690 1789 1742 3,

208 1773 292 1816 quo
321 1761 525 1805 vocabulo
555 1760 753 1815 Nigidius
783 1758 1038 1817 προσῳδίας
1066 1761 1339 1814 expresserit.
1399 1760 1492 1812 Quo
1513 1772 1725 1805 consensu
1745 1761 1790 1805 id

208 1833 324 1874 certe
355 1831 573 1885 evincitur,
620 1843 731 1886 quae
761 1830 864 1873 XIII
895 1830 921 1872 6
960 1830 1171 1885 legantur,
1217 1829 1356 1873 solum
1394 1829 1556 1884 Nigidii
1597 1830 1787 1875 studium

208 1899 372 1944 testari.
431 1899 562 1942 Liber
590 1898 776 1952 denique
796 1898 1146 1942 undetricesimus
1176 1898 1231 1941 ad
1261 1902 1407 1952 partes
1437 1901 1617 1942 vocatur
1645 1899 1727 1943 XX
1748 1898 1788 1953 5,

209 1967 233 2023 ς
268 1968 303 2023 1,
333 1966 372 2021 3,
405 1980 456 2011 ex
486 1979 569 2022 quo
590 1979 770 2021 pronum
801 1971 867 2010 est
887 1967 1090 2015 conicere,
1122 1967 1303 2021 triginta
1323 1967 1475 2010 saltem
1505 1966 1636 2011 libros
1656 1966 1791 2012 fuisse

208 2035 605 2079 commentariorum
635 2035 808 2089 Nigidii,
838 2035 890 2078 cf.
921 2035 1058 2078 Hertz
1089 2035 1116 2077 1.
1137 2035 1166 2084 1,
1196 2048 1236 2089 p.
1273 2034 1337 2079 10.

346 2103 535 2147 Transeo
566 2103 621 2146 ad
650 2103 780 2157 locos,
811 2102 965 2158 quibus
986 2103 1277 2146 commentarii
1298 2103 1456 2146 omisso
1486 2102 1584 2147 libri
1613 2115 1789 2148 numero

208 2172 452 2217 laudantur.
509 2171 550 2214 X
580 2169 607 2210 4
646 2171 821 2226 grandis
861 2171 1021 2225 Nigidii
1061 2170 1178 2216 locus
1218 2171 1461 2225 adscriptus
1502 2174 1578 2215 est.
1638 2170 1724 2216 Ubi
1751 2172 1791 2216 si

209 2242 305 2298 quis
336 2253 387 2285 ex
416 2241 612 2296 sequenti
651 2240 791 2294 capite
830 2240 986 2284 librum
1025 2240 1401 2300 undetricesimum
1443 2239 1642 2295 supplere
1671 2239 1787 2296 velit,

209 2311 292 2355 nisi
321 2313 575 2365 argumento
617 2309 788 2352 aliunde
827 2310 965 2363 petito
1005 2310 1207 2364 ducatur,
1246 2310 1394 2367 ⁴videat
1428 2322 1482 2353 ne
1517 2309 1673 2353 nubem
1711 2323 1790 2364 pro

207 2379 375 2423 Junone
405 2380 562 2431 captet.
619 2377 742 2422 XVII
772 2374 828 2431 4,
852 2377 899 2418 11
943 2377 1168 2432 ablegatur
1196 2378 1332 2422 lector
1373 2377 1428 2421 ad
1457 2379 1788 2423 commentarios

207 2448 389 2503 Nigidii,
431 2447 544 2490 unde
581 2451 779 2496 naturam
816 2446 1052 2501 particulae
1097 2446 1244 2501 „quin“
1289 2449 1533 2501 cognoscat.
1594 2446 1690 2500 Qua
1729 2448 1790 2493 di·

208 2508 454 2570 sputatione
483 2518 534 2559 ut
562 2514 756 2570 longiore
791 2516 1035 2569 supersedit
1074 2515 1260 2570 Gellius,
1303 2518 1533 2570 postquam
1564 2516 1708 2561 varias
1738 2516 1788 2561 il-

207 2584 291 2627 lius
322 2584 559 2637 particulae
590 2586 830 2637 potestates
860 2584 1065 2637 exemplis
1095 2584 1325 2641 plerasque
1346 2584 1668 2629 demonstravit.
1719 2585 1791 2630 Me

208 2655 389 2706 occupat
418 2653 604 2707 suspicio
635 2652 778 2696 omnia
807 2652 882 2696 illa
912 2664 964 2695 ex
992 2651 1163 2707 Nigidio
1189 2656 1332 2698 sumta
1363 2666 1474 2699 esse.
1495 2652 1525 2708 ¹)
1583 2654 1791 2710 Exempla

351 2800 378 2848 ¹)
401 2799 502 2839 Idem
526 2800 666 2840 censuit
687 2798 842 2843 Merckl·
867 2808 905 2847 p.
931 2800 1009 2836 653.
