2098 3261
873 145 1136 196 -Bfl,

349 268 400 313 In
429 267 496 314 his
526 268 565 314 si
593 269 647 314 ad
679 271 895 314 auctorem
924 267 1144 313 laudatum
1176 281 1201 313 e
1229 268 1421 325 proximo
1459 265 1601 323 capite
1638 264 1793 310 librum
1846 323 1849 325 ‚

188 337 526 401 „supplevimuffi
575 352 687 383 nunc
727 339 946 395 viceversa
983 339 1171 382 auctoris
1209 352 1358 382 nomen
1405 337 1515 382 libro
1561 335 1794 380 adiciemus

213 396 481 464 umectata,
521 410 767 463 comparato
797 419 892 461 cap:
881 407 938 451 te
967 408 1204 451 coniuncto.
1263 408 1312 452 L.
1341 407 1447 452 XIII
1475 420 1512 451 c.
1549 404 1600 447 14
1628 403 1792 449 Gellius

210 476 296 520 ita·
334 476 598 530 „Pomerium
630 476 732 532 quid
753 479 881 530 esset,
912 488 1146 529 augures
1175 476 1319 530 populi
1339 475 1533 524 Romani,
1566 474 1638 529 qui
1658 472 1793 517 libros

216 543 318 600 „de
335 545 601 618 auspiciis
645 544 930 598 scripserunt,
976 543 1215 587 istiusmodi
1251 543 1465 588 sententia
1504 539 1782 587 definierunt‘*

211 625 248 657 e.
280 625 321 675 q.
352 625 386 657 s.
446 604 732 667 Subsequenti
763 614 907 655 autem
937 611 1076 666 capite
1108 609 1131 666 ξ
1164 608 1189 652 3
1220 611 1421 655 laudatur
1448 610 1558 655 liber
1587 608 1645 654 Μ.
1675 606 1789 655 Mes·

132 724 137 728 ,
207 669 340 732 sanae
381 682 607 736 auguris
649 681 713 724 de
753 679 1031 734 auspiciis
1074 680 1235 734 primus
1266 683 1310 724 et
1338 680 1474 723 maior
1503 692 1555 723 ex
1584 677 1637 722 eo
1667 678 1786 722 locus

208 732 541 799 transscribitur.
580 743 646 794 En
666 748 798 793 habes
819 761 1027 804 augurem
1047 749 1190 804 populi
1207 743 1403 801 Romani,
1426 747 1566 809 quide
1586 746 1789 802 auspiciis

205 814 399 875 scripsit:
428 818 683 864 luculentius
715 818 772 863 M.
803 816 1112 862 Messallam
1142 818 1286 862 hercle
1316 830 1399 861 non
1429 817 1569 871 potuit
1597 817 1789 859 innuere.

206 885 366 939 Quodsi
397 890 539 931 tamen
570 887 773 941 haereas,
815 887 982 931 accedit
1013 886 1195 930 alterum
1227 889 1522 942 argumentum
1552 883 1667 928 haud
1706 884 1787 927 mi-

201 967 285 998 uus
314 966 467 1009 grave:
504 955 648 999 eoiem
680 955 725 999 in
755 955 906 1008 capite,
936 954 989 998 de
1020 966 1103 1008 quo
1135 954 1290 1008 agitur,
1322 957 1476 1008 quarto
1508 953 1669 997 decimo
1700 950 1725 1007 ξ
1755 951 1781 992 5

204 1024 250 1066 et
279 1019 305 1063 6
336 1022 524 1076 respexit
553 1021 715 1066 Gellius
747 1020 800 1066 ad
830 1021 984 1065 librum
1015 1022 1225 1075 quendam
1256 1020 1501 1074 Messallae,
1544 1033 1669 1075 quem
1700 1032 1786 1064 non

203 1090 436 1133 nominavit
466 1089 647 1143 quidem,
679 1089 754 1133 sed
785 1102 837 1132 ex
865 1088 1105 1143 fragmento
1134 1092 1316 1143 apparet
1335 1089 1389 1132 de
1408 1089 1608 1142 auspiciis
1630 1087 1784 1142 egisse.

201 1157 250 1202 L.
281 1156 342 1200 VI
377 1155 439 1210 18,
490 1157 531 1196 11
583 1157 785 1200 laudatur
830 1156 1013 1199 Cornelii
1049 1150 1227 1210 Nepotis
1273 1156 1632 1210 exemplorum
1676 1155 1787 1199 liber

202 1225 376 1280 quintus
390 1258 401 1279 ,
450 1235 485 1268 c.
537 1222 584 1265 ¹9
629 1223 786 1268 factum
842 1224 1055 1278 quoddam
1116 1223 1384 1278 praeclarum
1433 1223 1496 1267 Ti.
1548 1223 1784 1278 Sempronii

201 1292 385 1338 Gracchi
416 1293 459 1336 in
488 1292 744 1346 exemplis
776 1292 1012 1346 repositum
1043 1304 1139 1336 esse
1170 1292 1339 1336 dieitur.
1378 1292 1588 1336 Nimirum
1618 1291 1783 1336 Gellius

200 1361 381 1416 eundem
411 1361 530 1404 illum
563 1360 747 1405 Cornelii
777 1359 931 1404 librum
963 1359 1208 1415 significare
1236 1360 1385 1416 voluit,
1416 1373 1469 1405 ex
1488 1373 1572 1416 quo
1604 1373 1782 1416 praece-

198 1428 343 1474 dentia
373 1431 592 1472 mutuatus
623 1432 700 1471 est.
759 1428 882 1480 Quod
923 1429 959 1471 si
1000 1440 1085 1489 non
1125 1429 1232 1472 adeo
1272 1440 1528 1484 persuasum
1567 1428 1782 1483 haberem,

198 1497 364 1541 Hertzii
396 1509 475 1551 ope
505 1498 558 1540 ad
588 1497 842 1541 credendum
871 1498 1119 1552 adducerer,
1151 1499 1222 1553 qui
1253 1510 1399 1542 vocem
1432 1496 1702 1553 „exemplis“,
1733 1500 1784 1541 ut

200 1566 409 1610 indicaret
433 1565 545 1627 ‘libri'
564 1566 748 1618 titulum,
780 1566 978 1609 distentis
1008 1566 1164 1609 litteris
1197 1566 1478 1610 exhibendam
1514 1567 1681 1610 curavit
1711 1564 1781 1620 (cf.

197 1634 291 1683 iud:
321 1646 356 1677 s.
384 1646 423 1677 v.
454 1633 581 1678 Corn.
610 1632 786 1689 Nepos).

335 1703 490 1746 Restat
530 1703 702 1745 tertium
742 1713 878 1756 genus
925 1702 1212 1758 exemplorum
1257 1704 1504 1763 coniectura
1548 1703 1778 1759 egentium,

198 1783 329 1827 quum
370 1782 449 1814 nec
486 1770 704 1825 scriptoris
742 1782 894 1815 nomen
933 1784 1011 1816 nec
1050 1772 1147 1816 libri
1186 1773 1360 1817 titulum
1398 1773 1443 1817 in
1471 1773 1608 1817 altero
1640 1774 1780 1828 capite

196 1851 411 1896 apponere
440 1839 577 1888 libuit,
610 1840 879 1883 coniecturae
909 1853 1013 1884 vero
1044 1853 1190 1885 ansam
1221 1842 1401 1896 praebet
1429 1843 1635 1891 materiae
1664 1843 1778 1887 simi-

197 1908 348 1953 litudo.
393 1907 440 1951 L.
470 1908 615 1952 XVIII
643 1920 678 1952 c.
716 1907 767 1948 14
798 1908 962 1953 Gellius
990 1910 1043 1954 de
1067 1910 1281 1955 vocabulis
1308 1910 1562 1966 quibusdam
1582 1923 1779 1956 numero·

197 1987 293 2019 rum
322 1974 527 2031 loquitur,
558 1979 776 2020 auctorem
809 1976 1078 2022 adumbravit
1107 1978 1250 2032 potius
1282 1990 1410 2034 quam
1441 1979 1675 2025 nominavit
1705 1977 1778 2034 §2

200 2044 299 2103 ‚qui
330 2043 384 2103 de
422 2044 609 2088 numeris
639 2044 792 2089 Latine
831 2046 1134 2101 scripserunt“.
1192 2046 1312 2100 Quae
1356 2051 1405 2091 ut
1448 2048 1503 2093 ad
1543 2048 1781 2093 Varronem

195 2111 455 2172 referamus,
485 2113 682 2167 sequenti
712 2114 853 2168 capite
882 2115 1133 2170 invitamur,
1176 2129 1310 2171 quum
1338 2116 1408 2161 hic
1437 2115 1461 2171 ἓ
1493 2115 1518 2158 2
1549 2117 1780 2161 laudentur

148 2188 152 2190 ’
196 2181 303 2230 eius·
329 2180 426 2225 libri
464 2181 795 2236 disciplinarum.
855 2182 1005 2238 Neque
1035 2184 1151 2229 enim·
1177 2184 1229 2229 ab
1260 2184 1326 2230 his
1356 2184 1589 2230 abhorrent
1617 2185 1775 2241 priora,

195 2248 297 2305 quia
326 2248 455 2294 etiam
485 2249 766 2295 arithmeticis
789 2252 1108 2306 quaestionibus
1129 2256 1372 2308 patuerunt,
1404 2258 1449 2298 et
1468 2257 1618 2298 auctor
1637 2254 1776 2299 Varro

195 2328 248 2369 ex
276 2329 422 2362 eorum
452 2330 627 2362 numero
652 2322 747 2373 est,
793 2332 901 2375 quos
942 2321 1116 2366 assidua
1153 2321 1336 2382 lectione
1375 2326 1521 2367 noster
1560 2323 1775 2367 tractavit.

194 2375 315 2438 Quae
358 2384 522 2429 faciunt
566 2390 846 2442 argumenta,
893 2392 942 2431 ut
980 2387 1106 2433 facile
1144 2391 1361 2433 assentiar
1396 2391 1488 2433 viro
1528 2390 1776 2435 doctissimo

170 2443 450 2509 Bits‘ehelio,
492 2458 656 2510 quaest.
688 2455 812 2501 Varr
844 2469 884 2512 p.
915 2455 971 2500 30
1013 2457 1075 2514 (in
1114 2458 1251 2503 indice
1291 2458 1422 2504 schol.
1453 2460 1589 2503 Bonn.
1634 2457 1775 2515 1845),

101 2563 107 2570 ,
194 2522 268 2577 qui
292 2513 526 2585 utrumque
556 2528 686 2579 caput
715 2537 765 2568 ex
797 2526 944 2569 eodem
973 2526 1111 2577 fonte,
1153 2527 1273 2571 libris
1302 2527 1500 2573 videlicet
1529 2528 1775 2584 disciplina-

193 2603 302 2646 rum,
331 2583 506 2636 fluxisse
534 2593 751 2638 iudicavit.
