2098 3261
990 164 1278 210 ...36-

341 281 503 337 dubito,
535 280 699 326 Gellius
728 293 829 326 num
859 284 1011 327 auctor
1038 281 1170 326 fuerit
1198 282 1336 328 Nonii.
1378 283 1422 329 Si
1444 282 1555 328 enim
1576 283 1783 340 exempla,
1812 286 1923 341 quae
1962 314 1972 325 ,v
2070 282 2074 286 ”

342 352 517 407 utrique
547 350 785 395 communia
816 353 930 406 sunt,
960 364 987 395 a
1016 354 1164 396 nostro
1195 352 1403 397 translata
1437 364 1533 397 esse
1564 355 1831 408 statuamus„
1847 363 1924 397 cur
1965 381 1969 384 -

343 433 427 465 non
457 418 625 474 reliqua
654 431 828 475 quoque
860 419 1095 475 adoptavit,
1136 432 1266 475 quum
1298 421 1468 466 easdem
1497 414 1921 466 voces‘tractatums
1956 418 1959 422 ’

343 492 484 543 esset,
529 489 929 544 exaggerandisque
959 501 1087 544 quam
1116 488 1311 543 plurimis
1343 489 1549 545 exemplis
1578 501 1755 544 operam
1784 489 1921 534 damt.

340 557 480 612 Magis
511 558 628 601 certe
657 559 987 602 consentaneum
1019 557 1087 605 sit,
1121 569 1231 612 quae
1262 557 1417 602 similia
1445 557 1509 602 illi
1537 556 1710 608 habent,
1756 570 1784 601 a
1811 554 1940 603 com?
1966 582 1967 585 =

336 625 455 670 muni
485 624 671 682 quodam
699 623 820 670 fonte
849 629 1061 681 repetere.
1102 626 1255 681 ‚Neque
1284 626 1501 681 persuasit
1528 625 1632 670 mihi
1653 624 1919 681 Gerlachius,

332 708 373 749 p.
414 691 500 736 299
530 707 569 739 a.
610 706 644 737 s.
674 707 715 738 v.
759 693 965 738 festinare
1004 693 1164 738 fontem
1210 694 1387 738 subesse
1432 692 1622 739 Gellium
1666 694 1793 751 (XVI,
1836 692 1918 750 14).

333 762 512 807 Catonis
543 763 655 806 enim
686 763 845 817 locum,
892 775 1021 818 quem
1052 766 1097 806 et
1125 763 1219 817 ipse
1249 762 1412 807 Gellius
1443 761 1587 817 affert,
1634 754 1920 819 eiquolibet

332 834 510 876 auctore
541 843 710 875 sumere
740 832 903 886 potuit,
948 832 1166 886 copiosum
1206 834 1351 894 autem
1390 832 1496 875 illud
1533 834 1577 876 et
1607 832 1825 887 singulare
1846 831 1920 876 ‘di-
1969 839 1974 842 ’
2010 841 2015 843 ’

332 901 529 955 serimen,
567 913 651 956 quo
681 899 887 945 festinare
918 903 963 945 et
992 912 1226 956 properare
1256 901 1486 955 separavit,
1532 899 1698 945 Gellius
1728 900 1769 945 ei
1799 902 1917 946 certe

331 982 420 1013 non
451 969 751 1025 suppeditavit.

467 1038 687 1082 Hactenus
732 1037 786 1081 de
829 1036 993 1090 Nonio;
1043 1040 1209 1082 ceteros
1253 1037 1370 1081 locos
1416 1037 1508 1081 eius
1555 1037 1627 1081 ubi
1671 1035 1915 1094 compilavit

330 1106 534 1161 Gellium,
579 1105 653 1149 ubi
683 1104 855 1149 videtur
883 1105 1156 1160 compilasse,
1203 1106 1275 1150 ubi
1310 1106 1480 1150 videtur
1517 1106 1687 1162 quidem
1725 1106 1801 1150 sed
1830 1117 1915 1149 non

327 1175 497 1220 vocavit
527 1174 583 1217 ad
613 1177 773 1229 partes,
804 1174 848 1217 in
877 1174 972 1228 ipsa
1001 1174 1293 1228 disputatione
1323 1175 1375 1218 de
1404 1174 1594 1218 fontibus
1626 1174 1756 1219 Gellii
1783 1174 1913 1219 attin-

325 1256 436 1298 gam.
495 1242 606 1286 Nam
638 1242 751 1297 quod
780 1241 919 1296 volui,
965 1242 1192 1297 probatum
1222 1255 1317 1286 esse
1347 1241 1534 1293 confide,
1584 1242 1780 1298 diligenti
1816 1254 1912 1287 exa-

324 1312 438 1356 mine
459 1324 566 1366 opus
590 1324 699 1365 esse,
732 1314 781 1355 ut
810 1314 926 1356 recte
955 1311 1204 1365 iudicemus,
1238 1324 1350 1366 quae
1380 1324 1406 1355 a
1436 1311 1574 1355 Gellio
1594 1311 1772 1361 Nonius,
1801 1322 1913 1366 quae

324 1380 379 1425 ab
410 1380 507 1425 aliis
537 1380 765 1435 acceperit.
1887 1416 1891 1421 .

464 1449 599 1494 Simul
628 1452 772 1493 autem
802 1448 930 1493 finem
960 1448 1071 1494 iacio
1102 1461 1261 1504 eorum,
1305 1449 1461 1504 quibus
1492 1448 1680 1504 praefari
1710 1460 1819 1504 opus
1848 1448 1911 1492 vi-

323 1517 519 1562 debatur.
579 1518 736 1561 Rerum
767 1518 879 1561 enim
920 1518 1063 1571 capita
1093 1517 1233 1572 attigi.
1294 1518 1426 1561 Plura
1464 1521 1608 1561 autem
1648 1516 1805 1561 addere
1841 1517 1909 1561 vel

326 1585 435 1629 haec
464 1598 601 1640 pauca
631 1586 875 1630 accuratius
905 1586 1118 1641 persequi,
1151 1598 1279 1640 quum
1310 1586 1491 1629 maxime
1517 1585 1685 1641 vellem,
1727 1596 1806 1640 per
1835 1598 1907 1629 an-

320 1654 490 1709 gustias
522 1657 566 1698 et
594 1653 676 1698 loci
707 1657 752 1698 et
782 1655 986 1709 temporis
1016 1666 1100 1698 non
1130 1654 1298 1697 licebat.
1339 1654 1421 1698 Sed
1443 1656 1773 1709 quantacunque
1789 1657 1903 1708 sunt,
1979 1701 1987 1706 υ

320 1722 449 1766 etiam
489 1722 594 1767 haec
632 1722 737 1767 mihi
765 1730 882 1778 mox,
932 1723 968 1767 si
999 1724 1043 1767 in
1074 1735 1247 1767 arenam
1278 1723 1559 1778 descendero,
1608 1720 1732 1768 firma
1775 1725 1907 1778 atque

319 1790 519 1845 expedita
548 1795 677 1836 erunt
705 1791 908 1836 subsidia.
