2098 3261
840 136 1013 180 ...15
1069 160 1129 173 ..-

204 253 311 300 nota
337 257 419 309 est,
447 254 614 308 priores
643 254 823 297 tautum*
839 253 947 295 duos
977 254 1023 295 et
1052 251 1234 294 Plinium
1263 252 1309 294 et
1337 249 1521 293 Gellium
1540 250 1683 304 patria
1712 250 1786 296 od·

201 322 295 368 dita
314 321 512 378 laudare,
543 321 731 377 reliquos
761 320 873 365 sic-ut
902 333 929 364 a
959 319 1111 373 Gellio,
1143 332 1169 363 a
1198 319 1335 363 Plinio
1366 330 1537 374 quoque
1567 318 1681 362 nude
1706 330 1783 373 po-

202 391 322 439 sitos·-
379 388 570 446 offendit
599 390 782 443 denique
812 389 924 443 qnod
963 388 1128 435 Gellius
1157 390 1306 430 contra
1341 393 1505 430 morem
1533 387 1708 429 solitum
1738 386 1785 429 li·

201 458 375 504 brorum
404 457 575 503 illorum
595 456 747 501 titulos
776 468 862 500 non
880 456 1080 512 prodidit.
1140 455 1259 508 Quae
1280 455 1383 499 mihi
1403 455 1545 500 omnia
1564 455 1784 508 reputanti

200 526 320 581 nulla
358 523 508 570 relicta
547 537 643 569 esse
682 525 854 569 videtur
890 526 979 574 via,
1023 537 1151 579 quam
1189 528 1239 567 ut
1281 523 1470 567 dicamus
1506 521 1691 567 Gellium
1731 535 1784 566 ne

202 605 231 638 a
249 595 374 649 2turpi
403 595 574 650 quidem
604 594 823 638 mendacio
853 593 1130 638 abhorruisse
1159 593 1214 637 ad
1242 605 1395 636 vanam
1415 592 1578 636 scilicet
1608 593 1782 645 captan-

204 662 302 707 dam
329 662 490 706 multae
520 661 740 705 doctrinae
767 661 1003 717 gloriolam.
1062 661 1152 705 Nec
1180 662 1286 715 legit
1326 673 1394 704 me
1432 660 1570 704 iudice
1600 671 1786 714 unquam

203 739 291 775 neu.
310 730 414 774 emit
431 729 562 774 libros
588 729 704 783 illos3
735 741 925 783 quorum-
945 729 990 772 in
1021 728 1157 772 altero
1180 728 1260 772 hoe
1289 740 1412 772 suam
1433 728 1613 783 quisque
1642 727 1782 781 optio·

149 807 155 811 ·
202 808 300 842 nem
328 800 547 852 sequatur,
593 797 694 840 dum
723 797 828 840 illud
866 797 1087 851 concedat,
1134 809 1217 840 non
1245 808 1299 840 ex
1331 796 1497 850 graecis
1531 793 1779 841 auctoribus

201 866 279 910 sed
308 869 394 910 ‘uu'o
425 869 477 909 ex
506 863 648 908 Plinio
679 864 864 909 Gellium
894 876 974 908 sua
1001 864 1212 908 hausisse.

342 933 436 976 Hoc
481 945 585 976 sane
629 932 819 985 exemplo
863 932 988 976 valde
1027 932 1307 975 delibilitatur
1344 931 1482 974 nostri
1521 928 1641 973 fides.
1700 928 1784 973 Sed

207 995 486 1055 „quandoque
516 999 651 1043 bonus
682 1000 887 1043 dormitat
916 998 1183 1043 Homerus“:
1223 998 1379 1043 infelici
1409 997 1517 1041 hora
1547 998 1587 1041 ei
1616 997 1783 1051 accidit,

199 1071 249 1113 ut
277 1080 304 1112 a
330 1069 526 1123 veritate,
557 1080 684 1123 quam
712 1067 819 1112 alias
840 1068 1019 1112 amicam
1045 1067 1245 1122 habebat,
1276 1067 1356 1112 hoc
1385 1067 1478 1111 loco
1508 1066 1779 1118 descisceret3

199 1136 406 1181 invitabat
433 1135 595 1181 scilicet
623 1136 765 1181 nescio
805 1149 890 1192 quo
931 1140 1057 1192 pacto
1092 1135 1279 1181 fortasse
1317 1136 1413 1191 ipsa
1451 1134 1527 1179 illa
1555 1135 1781 1179 miraculo-

198 1215 294 1248 rum
322 1205 577 1249 immanitas.

995 1283 1034 1328 6.

698 1367 772 1415 De
809 1283 982 1414 cit-‚angi
1017 1366 1215 1415 ratione.
1238 1367 1273 1429 ¹)

335 1467 401 1511 De
430 1458 585 1511 citandi
606 1480 724 1511 more
744 1480 828 1511 non
858 1468 977 1522 prius
998 1480 1207 1522 quaerere
1236 1470 1444 1522 poteram,
1467 1479 1594 1522 quam
1621 1465 1697 1510 illa
1725 1466 1779 1509 de

197 1534 281 1582 fide
310 1536 504 1591 quaestio
545 1536 742 1581 absoluta
772 1540 906 1581 esset:
951 1538 1035 1581 iam
1065 1550 1142 1582 cur
1183 1549 1410 1593 quaeram,
1445 1537 1490 1580 in
1519 1539 1668 1592 aperto
1699 1538 1780 1592 est,

198 1617 277 1650 nec
306 1605 551 1652 defensione
581 1619 647 1650 me
678 1619 805 1660 egere
833 1607 972 1650 video.
1031 1607 1251 1661 Siquidem
1280 1610 1473 1661 apparet,
1505 1619 1555 1650 eo
1586 1606 1779 1649 examine

198 1676 316 1718 recte
345 1674 543 1719 instituto
565 1676 859 1729 quaestionem
887 1675 940 1719 de
969 1675 1157 1719 fontibus
1187 1678 1232 1719 et
1261 1675 1396 1729 ipsam
1416 1672 1609 1727 nonnihil
1627 1673 1779 1718 iuvari.

198 1741 308 1786 Nam
338 1743 376 1785 si
407 1755 459 1786 ex
487 1742 541 1786 iis
571 1743 690 1798 locis,
729 1743 802 1786 ubi
833 1747 1085 1798 argumenta
1114 1735 1377 1787 extrinsecus
1408 1746 1662 1797 suppetunt,
1703 1745 1781 1785 aut

198 1809 382 1854 maxima
402 1813 519 1855 certe
539 1809 843 1865 probabilitate
873 1811 943 1866 agi
973 1814 1129 1866 potest,
1160 1811 1381 1866 contingat
1409 1810 1547 1865 legem
1567 1810 1780 1865 quandam

201 1880 246 1922 et
275 1881 539 1927 constantem
579 1879 929 1923 consuetudinem
968 1880 1189 1934 scriptoris
1220 1883 1440 1933 excutere,
1487 1892 1561 1942 ea·
1578 1879 1780 1923 iudicium

200 1946 522 1999 temperandum
551 1947 655 1996 erit,
696 1946 769 1990 ubi
808 1947 1084 1992 coniectando
1125 1959 1232 2002 opus
1271 1946 1422 2002 fuerit;
1468 1947 1506 1991 si
1545 1948 1705 2003 minus,
1737 1947 1780 1991 id

201 2015 356 2070 ipsum,
386 2028 462 2058 nos
494 2019 613 2060 certa
641 2028 791 2060 norma
819 2028 979 2070 carere,
1010 2018 1052 2060 in
1081 2017 1200 2061 lucro
1230 2016 1535 2069 collocandum.

338 2096 378 2128 a.
420 2084 475 2127 In
518 2083 814 2134 laudandis
860 2085 1126 2130 librorum
1170 2085 1360 2129 titulis
1405 2084 1532 2141 longe
1574 2085 1778 2129 maiorem

198 2150 332 2196 fuisse
363 2152 490 2197 Gellii
520 2152 740 2211 ἀκρίβειαν
772 2167 899 2209 quam
929 2155 1108 2198 aliorum
1130 2155 1430 2210 plerorumque
1459 2155 1565 2198 satis
1595 2157 1777 2210 constat.

199 2220 455 2276 Saepissime
485 2223 595 2267 enim
624 2235 710 2267 non
739 2227 957 2268 auctorem
985 2227 1166 2274 tantum,
1206 2223 1282 2267 sed
1313 2224 1442 2268 etiam
1471 2222 1570 2267 libri
1600 2226 1645 2267 et
1673 2223 1777 2267 titu-

200 2289 290 2334 lum
319 2294 365 2335 et
393 2303 616 2336 numerum
630 2291 664 2347 2)
696 2291 930 2337 adnotavit.
1007 2292 1269 2348 Diligentem
1300 2304 1365 2337 ex.
1391 2305 1455 2347 gr.
1483 2291 1776 2337 laudationem

339 2415 364 2460 ¹)
388 2415 443 2452 De
467 2415 536 2452 hac
560 2415 723 2454 libellum
746 2426 851 2453 suum
876 2416 1081 2462 composuit
1103 2414 1346 2461 Mercklinus;
1369 2414 1464 2452 unde
1480 2424 1572 2461 quae
1595 2415 1779 2463 adoptavi,

195 2471 234 2508 in
257 2475 365 2508 notas
387 2472 508 2509 reieci.

335 2530 365 2573 ²)
405 2529 508 2566 Libri
543 2540 712 2567 numeros
754 2529 933 2567 interdum
963 2539 1094 2576 parum
1131 2529 1336 2567 memoriter
1362 2529 1545 2575 apposuit.
1594 2529 1779 2567 Adnotavi

192 2586 212 2621 1
235 2586 270 2632 ἵ,
299 2587 338 2629 6,
363 2586 455 2633 ubi,
492 2596 585 2632 quae
609 2587 710 2633 apud
735 2587 931 2624 Arrianum
955 2588 991 2621 11
1017 2587 1058 2622 19
1083 2586 1264 2632 leguntur,
1302 2585 1409 2632 primi
1444 2586 1528 2623 libri
1563 2597 1644 2625 esse
1678 2587 1777 2626 dicit.

193 2644 211 2681 1
235 2644 292 2689 22,
316 2645 350 2687 8,
373 2644 435 2681 ubi
458 2644 506 2681 ad
531 2645 605 2683 Cic.
631 2645 664 2682 d.
689 2656 766 2691 rep.
791 2645 922 2681 librum
946 2644 1144 2682 secundum
1162 2644 1383 2690 delegamur,
1407 2654 1625 2690 quamquam
1641 2646 1696 2680 111
1719 2647 1777 2691 21,

196 2697 239 2734 32
273 2700 379 2737 hodie
414 2705 568 2738 exstant.
616 2703 687 2738 2411
712 2705 746 2745 7,
784 2703 807 2737 8
829 2701 967 2739 Valerii
990 2702 1088 2738 Max.
1114 2712 1188 2738 non
1211 2712 1345 2738 nonum
1369 2702 1434 2739 sed
1457 2705 1624 2739 octavum
1646 2701 1777 2738 librum

195 2755 309 2798 citare
332 2756 496 2794 debebat.
534 2758 665 2804 Semel,
688 2759 784 2805 quod
808 2758 934 2805 sciam,
958 2759 1148 2805 commisit,
1170 2763 1213 2796 ut
1234 2759 1407 2796 librorum
1429 2758 1556 2797 titulos
1581 2757 1778 2796 confunde·

187 2816 265 2858 tet,
289 2812 525 2858 Theaetetum
546 2825 632 2858 cum
655 2816 806 2863 Theage
822 2816 987 2855 Platonis
1008 2818 1100 2853 xm
1124 2818 1180 2865 19,
1204 2820 1236 2855 2.
