2098 3261
1559 0 1672 58 »Χ

903 92 960 115 -κ-
1019 82 1108 127 108
1159 106 1219 118 -.

269 197 468 243 Flaccum
496 196 808 253 coniungebam
836 209 933 243 oum
961 199 1038 255 iis,
1082 211 1193 256 quae
1222 198 1266 242 in
1295 197 1475 244 similem
1505 195 1677 247 modum
1706 196 1866 261 &spu-‚2¹

268 269 362 311 tata
391 270 490 311 sunt
519 266 558 310 V
593 265 656 320 12,
703 265 858 321 9-10,
900 271 947 312 et
985 267 1171 322 Sulpicio
1212 267 1354 312 omnia
1392 256 1633 311 tribuebam
1672 269 1857 321 'praeter-1

271 334 465 389 exempla
493 331 680 387 fortaSSe
709 334 899 381 Lucretii
930 341 974 381 et
994 336 1156 391 Lucilii,
1189 349 1299 392 quae
1330 349 1381 381 ex
1399 333 1550 380 Verrio
1580 335 1724 379 sumta
1751 319 1927 394 οδε.

267 408 459 460 possunt.
519 404 665 447 XVIII
694 403 722 445 4
753 405 807 449 de
827 405 1029 450 vSallustii
1059 405 1151 450 loco
1181 417 1276 450 cum
1307 404 1584 459 grammatico
1615 402 1850 461 contendit,
1928 405 1950 432 ’ν

266 485 414 518 vocum
446 473 628 517 stolidus
659 479 703 517 et
731 487 868 519 vanus
898 475 1183 530 proprietates
1214 474 1367 528 aperit,
1403 473 1456 517 ad
1488 473 1673 529 origines
1704 474 1848 516 autem
1958 468 1972 482 ²

265 543 583 600 cognoscendas
629 541 815 586 Gellium
864 544 1038 599 ablegat
1088 544 1142 587 ad
1192 543 1407 596 Nigidium
1451 541 1662 595 Figulum.
1730 540 1847 593 Quas

265 622 396 665 quum
425 609 590 654 Gellius
620 623 667 654 se
695 610 782 655 iam
813 610 896 655 alio
925 611 1019 655 loeo
1050 612 1297 666 exposuisse
1327 610 1584 664 meminerit,
1624 610 1661 653 si
1700 620 1845 663 super-

264 681 353 722 stes
384 678 422 722 is
452 678 572 723 locus
604 682 733 733 esset,
766 680 917 724 melius
947 684 1107 735 nostro,
1137 692 1248 735 quae
1277 669 1436 734 Nigidii
1467 678 1566 731 sint,
1607 689 1718 732 quae
1749 676 1844 721 Sul—

263 747 376 802 picii,
407 747 762 792 discerneremus,
823 745 994 793 Graeca
1026 749 1176 804 ut³que
1216 748 1289 792 illa
1319 747 1579 802 comparatio
1599 745 1634 801 ,5
1671 745 1721 789 10
1752 746 1843 791 Sul·

262 817 420 871 picium
451 818 629 861 redolet.
688 818 791 862 XIX
827 817 875 860 13
906 818 1113 862 Frontoni
1155 817 1384 871 respondet
1422 815 1729 870 interroganti,
1776 826 1844 858 re-

262 888 385 929 ctene
416 897 521 929 usus
552 886 609 929 sit
637 886 842 929 vocabulo
873 898 1027 930 nanus:
1077 887 1120 929 id
1162 886 1274 941 quod
1315 885 1570 929 auctoritate
1609 896 1689 927 sua
1730 895 1841 927 oom-

262 952 429 1006 probat.
489 953 684 1007 Denique
713 954 795 996 XX
826 951 851 994 6
891 954 1173 1008 genitivorum
1212 953 1347 996 nostri
1390 955 1433 995 et
1471 952 1606 995 vestri
1634 952 1844 995 rationem

262 1020 586 1074 exploraturus,
643 1022 787 1065 multis
832 1022 1088 1076 comparatis
1133 1021 1386 1076 scriptorum
1431 1020 1536 1065 locis
1580 1018 1683 1063 nihil
1728 1019 1843 1065 aliud

260 1090 415 1133 statuit
454 1102 581 1145 quam
626 1090 923 1135 consuetudini
963 1091 1007 1134 id
1047 1090 1216 1134 dedisse
1246 1090 1469 1144 antiquos,
1514 1101 1645 1145 quum
1675 1090 1843 1134 ratione

262 1161 487 1201 uterentur
517 1158 633 1203 solae
662 1157 825 1202 formae
854 1161 1047 1202 nostrum
1079 1161 1123 1202 et
1151 1160 1354 1202 vestrum.
1374 1179 1432 1191 —

396 1227 522 1272 Hune
551 1226 677 1272 finem
707 1229 876 1283 impono
909 1228 1257 1284 quaestionibus;
1287 1228 1330 1272 in
1353 1228 1507 1283 quibus
1528 1240 1659 1283 quum
1686 1228 1842 1273 fuerim

259 1307 412 1350 magno
442 1308 539 1340 eum
568 1296 710 1341 fructu
740 1309 850 1351 meo,
892 1309 992 1340 num
1021 1297 1132 1340 idem
1162 1309 1256 1340 cum
1286 1296 1570 1345 emolumento
1601 1296 1842 1341 littera-rum

258 1364 401 1420 aliquo
431 1370 631 1410 versatus
661 1368 755 1422 sim,
786 1367 969 1421 benigna
999 1371 1197 1421 exspecto
1229 1367 1407 1410 aliorum
1438 1365 1604 1410 iudicia.
