2098 3261
887 132 1175 178 —10—

236 252 357 296 stant
384 250 499 306 apud
529 262 627 295 eum
655 252 744 296 nat.
763 249 863 294 hist.
895 250 922 295 l.
952 248 1138 295 XKV'c.
1167 248 1209 306 5,
1238 253 1342 295 sect.
1373 250 1442 295 21.
1479 250 1644 295 Eodem
1673 252 1824 300 ιω
1854 270 1856 273 ’

235 320 343 364 loco*
359 320 598 375 expositum
626 319 818 367 invenies
847 318 979 366 etiam
1009 317 1064 371 de
1093 318 1318 374 speciebus
1348 317 1515 364 duabus
1545 313 1831 375 ellmfflssdsss'·

207 439 210 441 Α
235 389 405 433 diverso
435 388 661 442 utriusque
690 399 784 441 usu,
816 389 921 431 sect.
951 384 1007 428 23
1038 385 1092 430 de
1120 386 1325 441 periculo,
1366 390 1470 431 sect.
1499 386 1555 429 25
1585 387 1646 432 de
1668 381 1827 440 Gaui&

237 456 356 501 Haec
398 457 532 512 igitur
577 455 712 500 Plinio
757 455 974 500 reddimus
1026 456 1119 499 sine
1174 455 1335 500 diserto
1379 455 1509 509 Gellii
1558 448 1820 505 testimoni&
1873 456 1875 458 ’

240 523 326 569 Sed
358 525 488 568 etiam
516 524 649 568 invito
680 536 734 568 eo
762 524 878 569 idem
907 523 960 568 de
991 522 1225 575 Carneadis
1255 522 1438 569 historia
1467 522 1732 577 affirmarim,
1763 522 1817 567 de

234 605 320 649 qua
349 593 571 637 admonuit
600 592 762 637 Plinius
791 596 896 638 seet.
929 591 996 636 2¹.
1056 592 1165 636 Nam
1196 593 1311 648 quod
1352 606 1446 637 eam
1484 592 1542 638 se·
1562 593 1605 636 in
1633 591 1817 646 historiis

235 661 402 707 Graeca
430 661 590 717 legisse
621 665 770 707 noster
799 662 904 706 dicit
933 661 957 717 ξ
989 661 1029 716 3,
1069 674 1153 705 non
1181 661 1356 706 obstare
1386 662 1603 716 concedes,
1619 657 1673 704 'si
1701 660 1815 715 leg&

235 730 310 780 ris,
356 743 467 787 quae
497 735 550 774 de
581 730 710 775 Gellii
741 729 823 774 fide
852 730 1035 774 disserui
1066 729 1089 785 ξ
1121 729 1171 784 5;
1218 731 1331 785 quod
1371 742 1473 774 vero
1512 729 1639 784 paulo
1658 727 1814 774 .fusius

232 811 323 842 rem
352 802 501 843 narrat
530 811 659 854 quam
689 799 864 851 Plinius,
898 798 1098 851 explicari
1127 797 1297 841 videtur
1325 798 1478 842 lacuna
1508 797 1646 852 Plinii,
1687 808 1821 852 quam‘

232 879 312 911 suo
343 868 437 912 iure
465 867 548 911 hoc
576 868 671 912 loco
702 867 856 910 statuit
885 866 1087 921 Silligius.
1501 898 1503 900 .

442 949 477 980 c.
524 935 799 980 Subtilior
843 934 1098 989 quaestio
1144 934 1206 978 de
1246 934 1511 988 exemplis
1551 934 1622 989 agi
1652 936 1813 989 potest,

238 1016 350 1060 quae
380 1004 603 1048 innumera
631 1002 843 1047 interdum
874 1001 1037 1046 Gellius
1068 1002 1284 1057 congessit
1323 1001 1379 1045 ad
1406 1001 1662 1046 illustranda
1691 1014 1813 1057 prae·

231 1075 359 1128 cepta
388 1072 676 1128 grammatica.
722 1071 803 1116 Hic
833 1071 943 1115 enim
975 1069 1130 1125 quibus
1160 1070 1375 1125 angustiis
1404 1083 1658 1126 premamur,
1688 1070 1814 1116 facile

232 1141 468 1195 apparebit.
527 1141 591 1185 III
627 1140 675 1182 14
708 1140 907 1184 subtilem
937 1139 1054 1182 illam
1083 1139 1290 1184 Varronis
1331 1140 1566 1184 doctrinam
1604 1140 1658 1184 de
1692 1140 1812 1184 dimi·

232 1209 351 1254 diato
395 1212 440 1253 et
483 1208 657 1253 dimidio
701 1208 797 1262 ipso
846 1208 939 1251 eius
969 1207 1062 1251 loco
1108 1206 1294 1251 exhibito
1336 1208 1615 1258 demonstrat.
1683 1207 1815 1252 Addit

232 1277 467 1332 exemplum
496 1277 738 1320 Ennianum
770 1274 794 1331 ξ
826 1275 867 1326 5,
904 1275 1019 1330 quod
1048 1274 1277 1330 profitetur
1304 1276 1541 1320 Varronem
1570 1277 1710 1331 ipsum
1739 1276 1814 1320 ad-

230 1345 431 1389 hibuisse.
491 1345 656 1389 Deinde
697 1358 723 1389 a
753 1344 778 1400 ἐ
809 1342 834 1386 6
864 1345 908 1388 id
938 1345 1052 1399 agit,
1097 1348 1147 1388 ut
1176 1344 1384 1389 Varronis
1414 1349 1689 1400 praeceptum
1735 1357 1812 1401 per

230 1415 372 1457 varios
401 1425 506 1457 usus
538 1414 743 1468 exemplis
764 1415 1020 1467 scriptorum
1042 1413 1238 1457 deducat.
1279 1413 1455 1458 Haecne
1485 1414 1616 1468 igitur
1645 1416 1689 1458 et
1717 1414 1812 1469 ipsa

229 1485 279 1526 ut
307 1482 548 1526 Ennianum
580 1482 719 1526 locum
752 1493 779 1525 a
807 1481 1003 1525 Varrone
1033 1483 1255 1524 mutuatus
1286 1481 1375 1525 sit?
1434 1481 1504 1526 Sic
1535 1482 1706 1536 saepius
1736 1495 1812 1527 au-

229 1552 336 1595 ctori
368 1563 448 1594 suo
478 1552 718 1606 exemplum
747 1551 922 1605 aliquod
952 1549 1106 1594 debere
1137 1562 1183 1594 se
1213 1549 1385 1603 fatetur.
1425 1551 1487 1595 IV
1523 1549 1585 1606 16,
1621 1550 1666 1594 11
1703 1550 1812 1596 Gae-

229 1620 375 1664 sellius
396 1620 564 1664 Vindex
594 1620 631 1663 ei
663 1619 774 1663 Livii
804 1630 974 1662 versum
1005 1618 1222 1674 indicavit,
1251 1618 1313 1663 IV
1335 1618 1360 1661 7
1391 1631 1541 1664 rursus
1572 1619 1813 1665 Ennianum

228 1701 255 1732 a
284 1689 459 1732 Valerio
490 1688 631 1732 Probo
662 1680 839 1743 accepit.
899 1687 1044 1742 Atque
1087 1685 1156 1730 hic
1199 1686 1320 1731 locus
1365 1689 1472 1732 satis
1514 1688 1692 1744 insignis
1731 1691 1813 1733 esti

226 1757 411 1801 Miratur
440 1758 553 1801 enim
584 1757 762 1812 Gellius,
794 1757 907 1812 quod
937 1756 1021 1810 ille,
1055 1768 1185 1811 quum
1215 1768 1318 1812 rem,
1349 1757 1403 1801 de
1434 1769 1518 1812 qua
1539 1758 1696 1813 agitur,
1726 1756 1812 1801 fne-

223 1828 404 1880 quenter
434 1826 547 1879 apud
577 1826 686 1869 alios
717 1825 886 1869 obviam
915 1836 1011 1868 esse
1041 1825 1326 1879 asseverarit,
1357 1837 1486 1870 unum
1519 1826 1653 1869 solius
1683 1825 1812 1869 Ennii

225 1901 396 1938 versum
425 1893 641 1948 apposuit.
699 1892 789 1937 Nec
832 1895 977 1937 tamen
1022 1890 1186 1935 Gellius
1232 1904 1407 1946 operam
1451 1892 1591 1947 dedit,
1637 1896 1686 1941 nt
1728 1892 1813 1937 alia

227 1962 423 2015 exempla
466 1961 667 2016 adderet,
717 1961 793 2005 sed
836 1961 882 2003 in
924 1960 1067 2011 alieno
1113 1961 1337 2015 acquievit.
1411 1960 1530 2015 Haec
1578 1960 1810 2016 declarant,

226 2030 341 2085 quod
383 2041 463 2073 sua
501 2032 655 2085 sponte
689 2028 889 2085 patebat,
935 2021 1239 2084 nonnunquam
1282 2032 1476 2084 nostrum
1520 2028 1713 2087 exempla
1756 2029 1811 2075 ab

227 2099 326 2146 aliis
356 2099 536 2144 collecta
564 2099 791 2154 recepisse.
832 2098 977 2153 Atque
995 2109 1097 2142 vero
1128 2098 1259 2142 etiam
1289 2110 1498 2151 summam
1525 2099 1814 2155 suspicionem,

226 2171 420 2217 movent,
466 2167 649 2213 Gellium
689 2167 806 2212 ultra
847 2179 975 2222 quam
1015 2167 1109 2221 ipse
1137 2166 1360 2215 confessus
1389 2167 1448 2211 sit
1477 2167 1640 2221 alienos
1669 2180 1811 2222 exem·-
1900 2175 1902 2178 ’

224 2236 392 2291 plorum
429 2235 659 2286 thesauros
697 2236 806 2280 lucri
844 2235 1012 2281 fecisse.
1074 2235 1205 2290 Atqui
1247 2248 1300 2280 ne
1329 2235 1460 2288 verbo
1501 2236 1673 2292 quidam
1702 2247 1811 2293 opus

225 2305 321 2360 erit,
369 2307 419 2353 ut
446 2305 646 2360 probem,
690 2304 758 2349 his
787 2317 872 2349 non
902 2305 1006 2348 solis
1038 2317 1136 2355 eum
1165 2316 1292 2355 usum
1322 2316 1440 2359 esse,
1484 2305 1563 2359 sed
1592 2305 1810 2360 addidisse

227 2384 252 2419 e
282 2384 360 2419 sua
398 2373 582 2422 lectione
620 2374 770 2417 multa.
801 2373 803 2375 ’
829 2373 967 2418 Tanto
1008 2374 1120 2417 euim
1154 2372 1367 2427 flagrabat
1394 2373 1713 2428 pervestigaudi
1741 2385 1813 2432 ve?

225 2443 342 2485 teres
371 2441 527 2490 studio,
556 2444 765 2496 tantaque
795 2453 927 2495 opera
955 2441 999 2484 in
1029 2440 1278 2496 colligendis
1308 2440 1546 2493 rarioribus
1577 2444 1654 2487 aut
1669 2440 1813 2499 verbis

227 2511 304 2553 aut
332 2508 496 2552 dicendi
525 2509 661 2553 modis
689 2509 956 2563 versabatur,
996 2511 1045 2552 ut
1075 2509 1269 2564 exempla
1296 2510 1368 2553 vix
1397 2520 1585 2566 unquam
1614 2521 1710 2553 eum
1739 2510 1813 2564 ,dee

226 2575 383 2620 fecisse
412 2576 594 2624 credam.
634 2578 696 2621 Ac
726 2577 763 2620 si
792 2577 1008 2621 interdum
1036 2577 1210 2626 inventa
1240 2577 1426 2632 quadam
1453 2589 1566 2630 rara,
1597 2580 1648 2624 ut
1675 2577 1812 2635 quint,

230 2657 311 2692 ave
339 2644 553 2699 gloriatur
583 2644 747 2694 (XVIII
776 2645 817 2700 8,
844 2645 895 2687 17
926 2646 1078 2700 „Quod
1108 2657 1239 2699 unum
1268 2657 1372 2700 ergo
1401 2646 1666 2703 rarissimum
1694 2647 1811 2704 vide-

222 2712 399 2769 „batum
437 2713 677 2761 invenimus
708 2714 960 2770 quadrigam
989 2726 1166 2768 numero
1197 2713 1407 2769 singulari
1437 2714 1597 2767 dictum
1625 2715 1670 2768 iu
1695 2715 1808 2771 libro

223 2785 501 2839 ‚ratum-um
528 2781 587 2832 M,
619 2781 852 2834 Varronw
882 2783 994 2836 reu)
1009 2812 1021 2834 .
1065 2784 1196 2837 tacite
1239 2782 1294 2828 de
1327 2782 1421 2838 suis
1460 2783 1595 2838 multo
1631 2785 1815 2842 mnino
