2098 3263
312 112 366 150 VI
374 157 385 161 υ

447 230 686 294 Propositi
719 242 835 278 vero
871 228 1063 279 dimidia
1096 232 1234 291 parte
1269 229 1503 292 confecta,
1546 224 1689 293 fluum
1722 222 1728 293 ἶ

311 310 480 372 quibus
515 304 774 373 proludere
802 308 955 357 visum
1004 312 1130 370 erat,
1180 312 1230 358 et
1270 309 1470 359 fontium
1511 308 1710 376 disquisi

310 391 370 439 ad
395 391 649 452 Sulpicium
672 388 846 438 Rufum
880 403 1031 450 usque
1064 388 1172 438 stilo
1196 389 1505 452 mandassem,
1540 390 1707 450 animo,

310 473 536 533 concepta
577 469 803 517 haberem
847 468 1062 531 reliqua,
1110 469 1287 532 prodiit
1323 469 1379 519 L.
1416 469 1668 527 Mercklini
1701 470 1817 531 lm

310 565 369 598 ex
410 550 522 598 fasc.
560 550 717 612 suppl.
751 550 826 597 III
870 551 1023 599 annal.
1067 551 1227 613 philol.
1272 550 1409 620 elasa.
1459 550 1592 600 1860
1610 618 1616 621 ,
1634 544 1805 613 separa

309 631 487 680 editus:
525 631 613 681 §Die
649 631 982 695 (Sitietmetbobe
1018 634 1109 681 unb
1144 630 1586 694 Duelleubenubung
1620 632 1695 682 διδ
1727 622 1895 702 ,ἫῑιΜ

311 709 508 760 Θεῐῐίιιῧ’
529 712 577 759 in
612 712 693 760 ben
719 711 896 759 Noctes
932 710 1133 759 Atticae.
1206 710 1298 771 Qui
1333 711 1374 759 si
1409 710 1540 772 prius
1577 710 1787 775 emisgusi
1811 706 1892 768 es-

310 793 385 837 set
418 790 467 837 in
502 790 669 851 lucem,
704 789 950 851 nonnuHiS,
989 804 1108 850 quae
1132 790 1210 838 ille
1247 790 1384 838 docte
1410 792 1460 837 et
1489 793 1626 838 acute
1650 779 1894 849 disseruit,
1965 819 1977 827 -

308 868 404 915 frui
446 869 727 929 potuissem,
775 869 822 914 in
857 868 961 915 aliis
998 872 1162 915 contra
1198 882 1304 916 eum
1340 882 1425 916 suo
1461 869 1575 918 loco,
1601 867 1887 931 disputavis-

311 962 424 996 sem.
496 950 632 997 Nunc
668 949 782 996 satis
819 948 976 1008 habui,
1009 962 1135 1008 >quae
1170 948 1262 995 iam
1300 962 1666 1010 composueram,
1701 949 1888 1010 integra

308 1027 579 1087 relinquere
628 1031 677 1075 et
720 1027 970 1075 Mercklini
1017 1030 1100 1074 aut
1146 1028 1428 1075 contrariam
1481 1028 1763 1076 sententiam
1805 1029 1889 1077 aut

310 1109 389 1155 ubi
415 1109 664 1155 videbatur
687 1109 819 1169 utile,
858 1123 1101 1155 assensum
1137 1109 1184 1154 in
1220 1109 1344 1156 notio
1379 1109 1607 1168 indicare3
1645 1109 1703 1156 ad
1739 1110 1919 1171 ipsam,

309 1203 421 1236 vero
459 1189 825 1250 disputationem
862 1190 963 1237 eius
1001 1190 1261 1237 sententias
1297 1189 1405 1237 inde
1442 1203 1470 1237 a
1492 1189 1682 1250 Nigidio
1707 1188 1888 1237 admisi.

444 1268 666 1316 Virorum
702 1272 860 1317 autem
896 1269 1139 1317 doctorum
1177 1270 1379 1330 veniam,
1435 1283 1528 1329 qua
1568 1273 1709 1317 antea
1742 1267 1895 1330 multa,

308 1352 356 1395 et
392 1348 521 1395 varia
556 1361 630 1395 me
669 1362 811 1407 egere
848 1347 1085 1408 videbam,
1135 1363 1256 1396 nunc
1292 1363 1434 1409 quum
1470 1348 1719 1411 pleraque,
1766 1361 1887 1416 quae
1998 1375 2010 1406 f
2046 1365 2098 1388 ἡ

307 1427 365 1474 ad
408 1427 594 1475 litteras
644 1442 911 1475 communes
948 1427 1125 1487 aliquid
1163 1427 1379 1475 conferre
1416 1442 1557 1489 posse
1593 1428 1886 1488 videbantur,
2014 1428 2025 1440 ⁵

305 1507 596 1554 Mercklinus
645 1509 928 1569 praeripuit,
980 1507 1193 1555 omnibus
1238 1509 1457 1569 precibus
1502 1522 1585 1557 oro
1623 1512 1765 1569 atque
1802 1506 1886 1556 ob·

304 1591 471 1635 testor.
