<?xml version="1.0" encoding="UTF-8"?>
<!DOCTYPE html PUBLIC "-//W3C//DTD XHTML 1.0 Transitional//EN"
    "http://www.w3.org/TR/xhtml1/DTD/xhtml1-transitional.dtd">
<html xmlns="http://www.w3.org/1999/xhtml" xml:lang="en" lang="en">
 <head>
  <title>
</title>
<meta http-equiv="Content-Type" content="text/html;charset=utf-8" />
  <meta name='ocr-system' content='tesseract 3.04.00' />
  <meta name='ocr-capabilities' content='ocr_page ocr_carea ocr_par ocr_line ocrx_word'/>
</head>
<body>
  <div class='ocr_page' id='page_1' title='image "./4626779_0030.png"; bbox 0 0 2098 3256; ppageno 0'>
   <div class='ocr_carea' id='block_1_1' title="bbox 0 0 261 357">
    <p class='ocr_par' dir='ltr' id='par_1_1' title="bbox 0 0 261 357">
     <span class='ocr_line' id='line_1_1' title="bbox 0 0 261 357; baseline 0 0"><span class='ocrx_word' id='word_1_1' title='bbox 0 0 261 357; x_wconf 95' lang='lat' dir='ltr'>  </span> 
     </span>
    </p>
   </div>
   <div class='ocr_carea' id='block_1_2' title="bbox 209 154 1808 330">
    <p class='ocr_par' dir='ltr' id='par_1_2' title="bbox 224 154 1808 328">
     <span class='ocr_line' id='line_1_2' title="bbox 890 154 1149 200; baseline 0 -11"><span class='ocrx_word' id='word_1_2' title='bbox 890 179 945 189; x_wconf 87' lang='grc'>..</span> <span class='ocrx_word' id='word_1_3' title='bbox 996 154 1048 200; x_wconf 67' lang='grc' dir='ltr'>-9Δ</span> <span class='ocrx_word' id='word_1_4' title='bbox 1090 178 1149 189; x_wconf 82' lang='grc'>.-</span> 
     </span>
     <span class='ocr_line' id='line_1_3' title="bbox 209 262 1808 330; baseline -0.006 -9.915"><span class='ocrx_word' id='word_1_5' title='bbox 209 274 355 329; x_wconf 62' lang='grc' dir='ltr'><em>Μ</em></span> <span class='ocrx_word' id='word_1_6' title='bbox 367 262 466 319; x_wconf 70' lang='lat' dir='ltr'>esse</span> <span class='ocrx_word' id='word_1_7' title='bbox 485 271 600 330; x_wconf 78' lang='lat' dir='ltr'>haud</span> <span class='ocrx_word' id='word_1_8' title='bbox 619 271 814 324; x_wconf 76' lang='lat' dir='ltr'>absimile</span> <span class='ocrx_word' id='word_1_9' title='bbox 832 284 933 317; x_wconf 86' lang='lat' dir='ltr'>vero</span> <span class='ocrx_word' id='word_1_10' title='bbox 961 272 1177 319; x_wconf 83' lang='lat' dir='ltr'>iudicavit.</span> <span class='ocrx_word' id='word_1_11' title='bbox 1200 272 1281 317; x_wconf 90' lang='lat' dir='ltr'>De</span> <span class='ocrx_word' id='word_1_12' title='bbox 1303 269 1575 327; x_wconf 75' lang='lat' dir='ltr'><strong>Pythagorae</strong></span> <span class='ocrx_word' id='word_1_13' title='bbox 1594 268 1808 312; x_wconf 79' lang='lat' dir='ltr'><strong>mentione</strong></span> 
     </span>
    </p>
   </div>
   <div class='ocr_carea' id='block_1_3' title="bbox 97 327 1807 480">
    <p class='ocr_par' dir='ltr' id='par_1_3' title="bbox 97 327 1807 480">
     <span class='ocr_line' id='line_1_4' title="bbox 97 327 1807 405; baseline -0.005 -17"><span class='ocrx_word' id='word_1_14' title='bbox 97 327 111 405; x_wconf 18' lang='grc' dir='ltr'><strong><em>ἰ</em></strong></span> <span class='ocrx_word' id='word_1_15' title='bbox 155 366 157 368; x_wconf 96' lang='grc'>-</span> <span class='ocrx_word' id='word_1_16' title='bbox 230 333 486 405; x_wconf 48' lang='lat' dir='ltr'>senteutiam</span> <span class='ocrx_word' id='word_1_17' title='bbox 510 353 610 386; x_wconf 87' lang='grc' dir='ltr'>ιιοιι</span> <span class='ocrx_word' id='word_1_18' title='bbox 626 341 756 385; x_wconf 82' lang='lat' dir='ltr'>dix&#39;it:</span> <span class='ocrx_word' id='word_1_19' title='bbox 798 341 992 396; x_wconf 74' lang='lat' dir='ltr'>equidem</span> <span class='ocrx_word' id='word_1_20' title='bbox 1021 341 1131 385; x_wconf 86' lang='lat' dir='ltr'>hanc</span> <span class='ocrx_word' id='word_1_21' title='bbox 1161 352 1333 396; x_wconf 88' lang='lat' dir='ltr'>quoque</span> <span class='ocrx_word' id='word_1_22' title='bbox 1362 353 1390 384; x_wconf 90' lang='lat' dir='ltr'>a</span> <span class='ocrx_word' id='word_1_23' title='bbox 1417 339 1614 383; x_wconf 89' lang='lat' dir='ltr'>Varrone</span> <span class='ocrx_word' id='word_1_24' title='bbox 1643 340 1807 391; x_wconf 80' lang='lat' dir='ltr'>repeto</span> 
     </span>
     <span class='ocr_line' id='line_1_5' title="bbox 108 400 1807 480; baseline -0.004 -25"><span class='ocrx_word' id='word_1_25' title='bbox 108 414 126 480; x_wconf 19' lang='lat' dir='ltr'>‘t</span> <span class='ocrx_word' id='word_1_26' title='bbox 182 451 186 453; x_wconf 88' lang='grc'>.</span> <span class='ocrx_word' id='word_1_27' title='bbox 222 404 365 463; x_wconf 62' lang='lat' dir='ltr'>‘Qud</span> <span class='ocrx_word' id='word_1_28' title='bbox 380 403 481 465; x_wconf 83' lang='lat' dir='ltr'>quia</span> <span class='ocrx_word' id='word_1_29' title='bbox 511 421 598 454; x_wconf 87' lang='lat' dir='ltr'>non</span> <span class='ocrx_word' id='word_1_30' title='bbox 627 409 739 453; x_wconf 89' lang='lat' dir='ltr'>omui</span> <span class='ocrx_word' id='word_1_31' title='bbox 770 400 891 453; x_wconf 73' lang='lat' dir='ltr'>caret</span> <span class='ocrx_word' id='word_1_32' title='bbox 925 409 1217 463; x_wconf 74' lang='lat' dir='ltr'>dubitatione,</span> <span class='ocrx_word' id='word_1_33' title='bbox 1265 421 1320 453; x_wconf 90' lang='lat' dir='ltr'>ne</span> <span class='ocrx_word' id='word_1_34' title='bbox 1347 409 1443 453; x_wconf 89' lang='lat' dir='ltr'>loco</span> <span class='ocrx_word' id='word_1_35' title='bbox 1473 418 1623 461; x_wconf 85' lang='lat' dir='ltr'>pamm</span> <span class='ocrx_word' id='word_1_36' title='bbox 1653 405 1807 449; x_wconf 88' lang='lat' dir='ltr'>idoneo</span> 
     </span>
    </p>
   </div>
   <div class='ocr_carea' id='block_1_4' title="bbox 0 357 177 588">
    <p class='ocr_par' dir='ltr' id='par_1_4' title="bbox 0 357 177 588">
     <span class='ocr_line' id='line_1_6' title="bbox 0 357 177 588; baseline 0 2668"><span class='ocrx_word' id='word_1_37' title='bbox 0 357 177 588; x_wconf 95' lang='lat' dir='ltr'> </span> 
     </span>
    </p>
   </div>
   <div class='ocr_carea' id='block_1_5' title="bbox 196 477 1806 601">
    <p class='ocr_par' dir='ltr' id='par_1_5' title="bbox 196 477 1806 601">
     <span class='ocr_line' id='line_1_7' title="bbox 196 477 1229 535; baseline -0.002 -12"><span class='ocrx_word' id='word_1_38' title='bbox 196 509 199 512; x_wconf 19' lang='grc' dir='ltr'><strong>Δ</strong></span> <span class='ocrx_word' id='word_1_39' title='bbox 229 479 383 535; x_wconf 64' lang='lat' dir='ltr'>lungun</span> <span class='ocrx_word' id='word_1_40' title='bbox 408 479 503 533; x_wconf 83' lang='lat' dir='ltr'>sim,</span> <span class='ocrx_word' id='word_1_41' title='bbox 535 478 830 535; x_wconf 82' lang='lat' dir='ltr'>quaestionem</span> <span class='ocrx_word' id='word_1_42' title='bbox 859 478 913 522; x_wconf 88' lang='lat' dir='ltr'>de</span> <span class='ocrx_word' id='word_1_43' title='bbox 944 482 994 523; x_wconf 80' lang='lat' dir='ltr'>e&#39;o</span> <span class='ocrx_word' id='word_1_44' title='bbox 1023 477 1229 523; x_wconf 80' lang='lat' dir='ltr'>differam.</span> 
     </span>
     <span class='ocr_line' id='line_1_8' title="bbox 361 539 1806 601; baseline -0.005 -9"><span class='ocrx_word' id='word_1_45' title='bbox 361 539 512 593; x_wconf 75' lang='lat' dir='ltr'>Satius</span> <span class='ocrx_word' id='word_1_46' title='bbox 542 547 643 599; x_wconf 88' lang='lat' dir='ltr'>erit,</span> <span class='ocrx_word' id='word_1_47' title='bbox 682 546 718 589; x_wconf 91' lang='lat' dir='ltr'>si</span> <span class='ocrx_word' id='word_1_48' title='bbox 749 559 860 590; x_wconf 85' lang='lat' dir='ltr'>nunc</span> <span class='ocrx_word' id='word_1_49' title='bbox 889 559 1020 601; x_wconf 86' lang='lat' dir='ltr'>quum</span> <span class='ocrx_word' id='word_1_50' title='bbox 1050 558 1243 590; x_wconf 89' lang='lat' dir='ltr'>normam</span> <span class='ocrx_word' id='word_1_51' title='bbox 1271 546 1483 601; x_wconf 84' lang='lat' dir='ltr'>quandam</span> <span class='ocrx_word' id='word_1_52' title='bbox 1512 543 1806 588; x_wconf 82' lang='lat' dir='ltr'>constituerim</span> 
     </span>
    </p>
   </div>
   <div class='ocr_carea' id='block_1_6' title="bbox 230 601 1806 797">
    <p class='ocr_par' dir='ltr' id='par_1_6' title="bbox 230 601 1806 797">
     <span class='ocr_line' id='line_1_9' title="bbox 231 601 1802 671; baseline -0.005 -10"><span class='ocrx_word' id='word_1_53' title='bbox 231 601 468 671; x_wconf 75' lang='lat' dir='ltr'>exemplis,</span> <span class='ocrx_word' id='word_1_54' title='bbox 480 628 610 658; x_wconf 89' lang='lat' dir='ltr'>unum</span> <span class='ocrx_word' id='word_1_55' title='bbox 641 615 694 658; x_wconf 87' lang='lat' dir='ltr'>iis</span> <span class='ocrx_word' id='word_1_56' title='bbox 725 627 936 669; x_wconf 86' lang='lat' dir='ltr'>opponam</span> <span class='ocrx_word' id='word_1_57' title='bbox 965 614 1027 658; x_wconf 87' lang='lat' dir='ltr'>illi</span> <span class='ocrx_word' id='word_1_58' title='bbox 1057 614 1143 669; x_wconf 87' lang='lat' dir='ltr'>legi</span> <span class='ocrx_word' id='word_1_59' title='bbox 1172 615 1445 658; x_wconf 85' lang='lat' dir='ltr'>contrarium.</span> <span class='ocrx_word' id='word_1_60' title='bbox 1505 613 1627 665; x_wconf 86' lang='lat' dir='ltr'>Quod</span> <span class='ocrx_word' id='word_1_61' title='bbox 1658 612 1802 655; x_wconf 90' lang='lat' dir='ltr'>admo</span> 
     </span>
     <span class='ocr_line' id='line_1_10' title="bbox 230 681 1431 738; baseline -0.006 -9"><span class='ocrx_word' id='word_1_62' title='bbox 230 696 439 732; x_wconf 64' lang='lat' dir='ltr'>nereuos</span> <span class='ocrx_word' id='word_1_63' title='bbox 469 686 625 738; x_wconf 89' lang='lat' dir='ltr'>potest,</span> <span class='ocrx_word' id='word_1_64' title='bbox 656 683 729 737; x_wconf 90' lang='lat' dir='ltr'>qui</span> <span class='ocrx_word' id='word_1_65' title='bbox 759 695 811 726; x_wconf 91' lang='lat' dir='ltr'>ea</span> <span class='ocrx_word' id='word_1_66' title='bbox 840 695 925 726; x_wconf 86' lang='lat' dir='ltr'>uon</span> <span class='ocrx_word' id='word_1_67' title='bbox 955 687 1082 727; x_wconf 81' lang='lat' dir='ltr'>caute</span> <span class='ocrx_word' id='word_1_68' title='bbox 1110 685 1270 731; x_wconf 83' lang='lat' dir='ltr'>utatur,</span> <span class='ocrx_word' id='word_1_69' title='bbox 1301 681 1431 726; x_wconf 89' lang='lat' dir='ltr'>abuti.</span> 
     </span>
     <span class='ocr_line' id='line_1_11' title="bbox 365 748 1806 797; baseline -0.003 -1"><span class='ocrx_word' id='word_1_70' title='bbox 365 751 482 796; x_wconf 86' lang='lat' dir='ltr'>XVI.</span> <span class='ocrx_word' id='word_1_71' title='bbox 503 751 565 795; x_wconf 73' lang='lat'>12.</span> <span class='ocrx_word' id='word_1_72' title='bbox 605 749 750 794; x_wconf 86' lang='lat' dir='ltr'><strong>Trium</strong></span> <span class='ocrx_word' id='word_1_73' title='bbox 781 749 906 794; x_wconf 87' lang='lat' dir='ltr'>obvia</span> <span class='ocrx_word' id='word_1_74' title='bbox 936 752 1038 794; x_wconf 80' lang='lat' dir='ltr'>&#39;sunt</span> <span class='ocrx_word' id='word_1_75' title='bbox 1068 756 1291 794; x_wconf 88' lang='lat' dir='ltr'>auctorum</span> <span class='ocrx_word' id='word_1_76' title='bbox 1322 750 1487 792; x_wconf 79' lang='lat' dir='ltr'>nomina</span> <span class='ocrx_word' id='word_1_77' title='bbox 1519 749 1674 797; x_wconf 87' lang='lat' dir='ltr'>Cloatii</span> <span class='ocrx_word' id='word_1_78' title='bbox 1703 748 1806 791; x_wconf 86' lang='lat' dir='ltr'>Veri</span> 
     </span>
    </p>
   </div>
   <div class='ocr_carea' id='block_1_7' title="bbox 152 817 1808 878">
    <p class='ocr_par' dir='ltr' id='par_1_7' title="bbox 152 817 1808 878">
     <span class='ocr_line' id='line_1_12' title="bbox 152 817 1808 878; baseline -0.004 -13"><span class='ocrx_word' id='word_1_79' title='bbox 152 822 167 841; x_wconf 71' lang='lat'><em>³</em></span> <span class='ocrx_word' id='word_1_80' title='bbox 230 821 254 878; x_wconf 62' lang='grc' dir='ltr'><strong>ἓ</strong></span> <span class='ocrx_word' id='word_1_81' title='bbox 289 822 325 875; x_wconf 81' lang='lat'>1,</span> <span class='ocrx_word' id='word_1_82' title='bbox 363 819 632 876; x_wconf 87' lang='lat' dir='ltr'>Hypsicratis</span> <span class='ocrx_word' id='word_1_83' title='bbox 663 817 687 874; x_wconf 63' lang='grc' dir='ltr'><strong>ξ</strong></span> <span class='ocrx_word' id='word_1_84' title='bbox 717 817 756 867; x_wconf 86' lang='grc'>6,</span> <span class='ocrx_word' id='word_1_85' title='bbox 793 818 999 863; x_wconf 85' lang='lat' dir='ltr'>Varronis</span> <span class='ocrx_word' id='word_1_86' title='bbox 1030 818 1054 874; x_wconf 67' lang='grc' dir='ltr'>ἓ</span> <span class='ocrx_word' id='word_1_87' title='bbox 1087 819 1122 861; x_wconf 89' lang='grc'>7.</span> <span class='ocrx_word' id='word_1_88' title='bbox 1182 819 1371 872; x_wconf 86' lang='lat' dir='ltr'>Quorum</span> <span class='ocrx_word' id='word_1_89' title='bbox 1399 819 1678 874; x_wconf 77' lang='lat' dir='ltr'>Hypsicrates</span> <span class='ocrx_word' id='word_1_90' title='bbox 1707 817 1808 860; x_wconf 88' lang='lat' dir='ltr'>licet</span> 
     </span>
    </p>
   </div>
   <div class='ocr_carea' id='block_1_8' title="bbox 225 887 1808 1764">
    <p class='ocr_par' dir='ltr' id='par_1_8' title="bbox 225 887 1808 1764">
     <span class='ocr_line' id='line_1_13' title="bbox 227 887 1808 942; baseline -0.004 -7"><span class='ocrx_word' id='word_1_91' title='bbox 227 889 374 935; x_wconf 86' lang='lat' dir='ltr'>statim</span> <span class='ocrx_word' id='word_1_92' title='bbox 404 888 531 932; x_wconf 89' lang='lat' dir='ltr'>abeat</span> <span class='ocrx_word' id='word_1_93' title='bbox 559 887 631 931; x_wconf 90' lang='lat' dir='ltr'>ille</span> <span class='ocrx_word' id='word_1_94' title='bbox 663 901 686 931; x_wconf 92' lang='lat' dir='ltr'>e</span> <span class='ocrx_word' id='word_1_95' title='bbox 717 900 892 931; x_wconf 86' lang='lat' dir='ltr'>numero</span> <span class='ocrx_word' id='word_1_96' title='bbox 923 887 1047 932; x_wconf 87' lang='lat' dir='ltr'>Gellii</span> <span class='ocrx_word' id='word_1_97' title='bbox 1080 891 1325 937; x_wconf 78' lang='lat' dir='ltr'>auctorum,</span> <span class='ocrx_word' id='word_1_98' title='bbox 1365 888 1565 942; x_wconf 87' lang='lat' dir='ltr'>quoniam</span> <span class='ocrx_word' id='word_1_99' title='bbox 1610 890 1808 939; x_wconf 28' lang='lat' dir='ltr'>eum-te·</span> 
     </span>
     <span class='ocr_line' id='line_1_14' title="bbox 227 955 1807 1010; baseline -0.003 -8"><span class='ocrx_word' id='word_1_100' title='bbox 227 960 339 1002; x_wconf 86' lang='lat' dir='ltr'>stem</span> <span class='ocrx_word' id='word_1_101' title='bbox 358 957 619 1001; x_wconf 83' lang='lat' dir='ltr'>excitaverat</span> <span class='ocrx_word' id='word_1_102' title='bbox 638 955 853 1000; x_wconf 80' lang='lat' dir='ltr'>Cloatius:</span> <span class='ocrx_word' id='word_1_103' title='bbox 884 956 995 1000; x_wconf 91' lang='lat' dir='ltr'>hunc</span> <span class='ocrx_word' id='word_1_104' title='bbox 1024 956 1162 1010; x_wconf 90' lang='lat' dir='ltr'>ipsum</span> <span class='ocrx_word' id='word_1_105' title='bbox 1194 959 1335 1000; x_wconf 86' lang='lat' dir='ltr'>tamen</span> <span class='ocrx_word' id='word_1_106' title='bbox 1366 959 1410 1000; x_wconf 90' lang='lat' dir='ltr'>et</span> <span class='ocrx_word' id='word_1_107' title='bbox 1438 956 1674 999; x_wconf 89' lang='lat' dir='ltr'>Varronem</span> <span class='ocrx_word' id='word_1_108' title='bbox 1705 966 1807 1009; x_wconf 90' lang='lat' dir='ltr'>quo-</span> 
     </span>
     <span class='ocr_line' id='line_1_15' title="bbox 227 1022 1806 1073; baseline -0.001 -4"><span class='ocrx_word' id='word_1_109' title='bbox 227 1025 367 1070; x_wconf 83' lang='lat' dir='ltr'>minus</span> <span class='ocrx_word' id='word_1_110' title='bbox 407 1024 556 1068; x_wconf 90' lang='lat' dir='ltr'>eodem</span> <span class='ocrx_word' id='word_1_111' title='bbox 594 1024 718 1068; x_wconf 91' lang='lat' dir='ltr'>modo</span> <span class='ocrx_word' id='word_1_112' title='bbox 755 1023 1081 1073; x_wconf 84' lang='lat' dir='ltr'>confundamus,</span> <span class='ocrx_word' id='word_1_113' title='bbox 1126 1024 1271 1068; x_wconf 84' lang='lat' dir='ltr'>variae</span> <span class='ocrx_word' id='word_1_114' title='bbox 1310 1036 1466 1068; x_wconf 89' lang='lat' dir='ltr'>causae</span> <span class='ocrx_word' id='word_1_115' title='bbox 1497 1023 1682 1067; x_wconf 81' lang='lat' dir='ltr'>obstant.</span> <span class='ocrx_word' id='word_1_116' title='bbox 1741 1022 1806 1066; x_wconf 89' lang='lat' dir='ltr'>De</span> 
     </span>
     <span class='ocr_line' id='line_1_16' title="bbox 232 1091 1805 1146; baseline -0.003 -9"><span class='ocrx_word' id='word_1_117' title='bbox 232 1092 387 1137; x_wconf 87' lang='lat' dir='ltr'>Cloatii</span> <span class='ocrx_word' id='word_1_118' title='bbox 424 1094 567 1135; x_wconf 87' lang='lat' dir='ltr'>aetate</span> <span class='ocrx_word' id='word_1_119' title='bbox 608 1103 759 1145; x_wconf 92' lang='lat' dir='ltr'>parum</span> <span class='ocrx_word' id='word_1_120' title='bbox 805 1091 1073 1146; x_wconf 86' lang='lat' dir='ltr'>exploratum</span> <span class='ocrx_word' id='word_1_121' title='bbox 1118 1091 1255 1135; x_wconf 85' lang='lat' dir='ltr'>adhuc</span> <span class='ocrx_word' id='word_1_122' title='bbox 1291 1096 1382 1144; x_wconf 83' lang='lat' dir='ltr'>est;</span> <span class='ocrx_word' id='word_1_123' title='bbox 1429 1104 1454 1134; x_wconf 90' lang='lat' dir='ltr'>a</span> <span class='ocrx_word' id='word_1_124' title='bbox 1483 1091 1676 1135; x_wconf 87' lang='lat' dir='ltr'>Varrone</span> <span class='ocrx_word' id='word_1_125' title='bbox 1707 1104 1805 1135; x_wconf 89' lang='lat' dir='ltr'>eum</span> 
     </span>
     <span class='ocr_line' id='line_1_17' title="bbox 230 1159 1805 1215; baseline -0.003 -9"><span class='ocrx_word' id='word_1_126' title='bbox 230 1163 284 1206; x_wconf 79' lang='lat' dir='ltr'>ad</span> <span class='ocrx_word' id='word_1_127' title='bbox 315 1166 461 1215; x_wconf 84' lang='lat' dir='ltr'>partes</span> <span class='ocrx_word' id='word_1_128' title='bbox 493 1164 687 1204; x_wconf 90' lang='lat' dir='ltr'>vocatum</span> <span class='ocrx_word' id='word_1_129' title='bbox 729 1161 891 1213; x_wconf 89' lang='lat' dir='ltr'>dicere,</span> <span class='ocrx_word' id='word_1_130' title='bbox 941 1162 975 1203; x_wconf 88' lang='lat' dir='ltr'>si</span> <span class='ocrx_word' id='word_1_131' title='bbox 1017 1173 1095 1214; x_wconf 90' lang='lat' dir='ltr'>per</span> <span class='ocrx_word' id='word_1_132' title='bbox 1135 1164 1321 1203; x_wconf 87' lang='lat' dir='ltr'>aetatem</span> <span class='ocrx_word' id='word_1_133' title='bbox 1360 1161 1524 1213; x_wconf 89' lang='lat' dir='ltr'>liceret,</span> <span class='ocrx_word' id='word_1_134' title='bbox 1577 1173 1659 1203; x_wconf 90' lang='lat' dir='ltr'>non</span> <span class='ocrx_word' id='word_1_135' title='bbox 1704 1159 1805 1203; x_wconf 88' lang='lat' dir='ltr'>licet</span> 
     </span>
     <span class='ocr_line' id='line_1_18' title="bbox 228 1228 1805 1284; baseline -0.003 -9"><span class='ocrx_word' id='word_1_136' title='bbox 228 1233 405 1284; x_wconf 77' lang='lat' dir='ltr'>propter</span> <span class='ocrx_word' id='word_1_137' title='bbox 438 1228 533 1278; x_wconf 84' lang='lat' dir='ltr'>illa,</span> <span class='ocrx_word' id='word_1_138' title='bbox 579 1242 691 1283; x_wconf 89' lang='lat' dir='ltr'>quae</span> <span class='ocrx_word' id='word_1_139' title='bbox 721 1243 772 1273; x_wconf 89' lang='lat' dir='ltr'>ex</span> <span class='ocrx_word' id='word_1_140' title='bbox 802 1242 852 1272; x_wconf 91' lang='lat' dir='ltr'>eo</span> <span class='ocrx_word' id='word_1_141' title='bbox 883 1230 1014 1273; x_wconf 87' lang='lat' dir='ltr'>allata</span> <span class='ocrx_word' id='word_1_142' title='bbox 1044 1234 1145 1273; x_wconf 90' lang='lat' dir='ltr'>sunt</span> <span class='ocrx_word' id='word_1_143' title='bbox 1175 1229 1198 1284; x_wconf 65' lang='grc' dir='ltr'><strong>ξ</strong></span> <span class='ocrx_word' id='word_1_144' title='bbox 1237 1229 1342 1270; x_wconf 12' lang='grc'>1--74</span> <span class='ocrx_word' id='word_1_145' title='bbox 1373 1230 1646 1284; x_wconf 80' lang='lat' dir='ltr'>studiumque</span> <span class='ocrx_word' id='word_1_146' title='bbox 1676 1229 1805 1272; x_wconf 87' lang='lat' dir='ltr'>Gellii</span> 
     </span>
     <span class='ocr_line' id='line_1_19' title="bbox 227 1297 1804 1352; baseline -0.001 -10"><span class='ocrx_word' id='word_1_147' title='bbox 227 1297 474 1352; x_wconf 85' lang='lat' dir='ltr'>diligentius</span> <span class='ocrx_word' id='word_1_148' title='bbox 504 1301 731 1342; x_wconf 82' lang='lat' dir='ltr'>testantur.</span> <span class='ocrx_word' id='word_1_149' title='bbox 791 1298 952 1343; x_wconf 86' lang='lat' dir='ltr'>Contra</span> <span class='ocrx_word' id='word_1_150' title='bbox 982 1299 1148 1343; x_wconf 87' lang='lat' dir='ltr'>Cloatio</span> <span class='ocrx_word' id='word_1_151' title='bbox 1178 1299 1385 1342; x_wconf 83' lang='lat' dir='ltr'>Varronis</span> <span class='ocrx_word' id='word_1_152' title='bbox 1430 1300 1684 1343; x_wconf 85' lang='lat' dir='ltr'>mentionem</span> <span class='ocrx_word' id='word_1_153' title='bbox 1724 1299 1804 1341; x_wconf 85' lang='lat' dir='ltr'>tri-</span> 
     </span>
     <span class='ocr_line' id='line_1_20' title="bbox 226 1365 1806 1421; baseline -0.001 -11"><span class='ocrx_word' id='word_1_154' title='bbox 226 1365 359 1410; x_wconf 87' lang='lat' dir='ltr'>buere</span> <span class='ocrx_word' id='word_1_155' title='bbox 387 1378 472 1408; x_wconf 91' lang='lat' dir='ltr'>non</span> <span class='ocrx_word' id='word_1_156' title='bbox 502 1366 677 1409; x_wconf 86' lang='lat' dir='ltr'>audebit</span> <span class='ocrx_word' id='word_1_157' title='bbox 705 1366 756 1418; x_wconf 75' lang='lat' dir='ltr'>ie,</span> <span class='ocrx_word' id='word_1_158' title='bbox 789 1367 863 1421; x_wconf 88' lang='lat' dir='ltr'>qui</span> <span class='ocrx_word' id='word_1_159' title='bbox 894 1370 943 1409; x_wconf 85' lang='lat' dir='ltr'>et¹</span> <span class='ocrx_word' id='word_1_160' title='bbox 967 1369 1102 1410; x_wconf 89' lang='lat' dir='ltr'>totius</span> <span class='ocrx_word' id='word_1_161' title='bbox 1132 1367 1214 1410; x_wconf 88' lang='lat' dir='ltr'>loci</span> <span class='ocrx_word' id='word_1_162' title='bbox 1246 1371 1437 1410; x_wconf 78' lang='lat' dir='ltr'>tenorem</span> <span class='ocrx_word' id='word_1_163' title='bbox 1459 1367 1732 1421; x_wconf 89' lang='lat' dir='ltr'>perpenderit</span> <span class='ocrx_word' id='word_1_164' title='bbox 1761 1370 1806 1409; x_wconf 93' lang='lat' dir='ltr'>et</span> 
     </span>
     <span class='ocr_line' id='line_1_21' title="bbox 226 1434 1805 1490; baseline 0 -12"><span class='ocrx_word' id='word_1_165' title='bbox 226 1440 388 1490; x_wconf 81' lang='lat' dir='ltr'>quanto</span> <span class='ocrx_word' id='word_1_166' title='bbox 424 1434 565 1478; x_wconf 79' lang='lat' dir='ltr'>studio</span> <span class='ocrx_word' id='word_1_167' title='bbox 604 1437 751 1478; x_wconf 86' lang='lat' dir='ltr'>noster</span> <span class='ocrx_word' id='word_1_168' title='bbox 780 1435 1015 1478; x_wconf 86' lang='lat' dir='ltr'>Varronem</span> <span class='ocrx_word' id='word_1_169' title='bbox 1057 1435 1274 1489; x_wconf 85' lang='lat' dir='ltr'>amplexus</span> <span class='ocrx_word' id='word_1_170' title='bbox 1320 1436 1399 1490; x_wconf 83' lang='lat' dir='ltr'>sit,</span> <span class='ocrx_word' id='word_1_171' title='bbox 1438 1435 1701 1479; x_wconf 87' lang='lat' dir='ltr'>recordetur.</span> <span class='ocrx_word' id='word_1_172' title='bbox 1750 1459 1805 1466; x_wconf 92' lang='lat'><em>-</em></span> 
     </span>
     <span class='ocr_line' id='line_1_22' title="bbox 225 1503 1803 1559; baseline -0.001 -10"><span class='ocrx_word' id='word_1_173' title='bbox 225 1503 319 1549; x_wconf 87' lang='lat' dir='ltr'>Hoc</span> <span class='ocrx_word' id='word_1_174' title='bbox 348 1503 539 1559; x_wconf 84' lang='lat' dir='ltr'>exemplo</span> <span class='ocrx_word' id='word_1_175' title='bbox 570 1503 967 1554; x_wconf 82' lang='lat' dir='ltr'>demonstravimus,</span> <span class='ocrx_word' id='word_1_176' title='bbox 998 1504 1104 1549; x_wconf 89' lang='lat' dir='ltr'>duos</span> <span class='ocrx_word' id='word_1_177' title='bbox 1127 1505 1316 1549; x_wconf 86' lang='lat' dir='ltr'>eiusdem</span> <span class='ocrx_word' id='word_1_178' title='bbox 1346 1505 1409 1549; x_wconf 88' lang='lat' dir='ltr'>rei</span> <span class='ocrx_word' id='word_1_179' title='bbox 1441 1507 1640 1549; x_wconf 87' lang='lat' dir='ltr'>auctores</span> <span class='ocrx_word' id='word_1_180' title='bbox 1670 1504 1803 1548; x_wconf 87' lang='lat' dir='ltr'>inter-</span> 
     </span>
     <span class='ocr_line' id='line_1_23' title="bbox 226 1573 1803 1628; baseline 0 -12"><span class='ocrx_word' id='word_1_181' title='bbox 226 1573 326 1617; x_wconf 91' lang='lat' dir='ltr'>dum</span> <span class='ocrx_word' id='word_1_182' title='bbox 356 1573 476 1617; x_wconf 87' lang='lat' dir='ltr'>iuxta</span> <span class='ocrx_word' id='word_1_183' title='bbox 505 1574 701 1627; x_wconf 87' lang='lat' dir='ltr'>reperiri,</span> <span class='ocrx_word' id='word_1_184' title='bbox 753 1586 861 1627; x_wconf 89' lang='lat' dir='ltr'>quos</span> <span class='ocrx_word' id='word_1_185' title='bbox 891 1574 933 1617; x_wconf 92' lang='lat' dir='ltr'>in</span> <span class='ocrx_word' id='word_1_186' title='bbox 966 1586 1097 1616; x_wconf 90' lang='lat' dir='ltr'>unum</span> <span class='ocrx_word' id='word_1_187' title='bbox 1125 1575 1383 1628; x_wconf 87' lang='lat' dir='ltr'>coniungere</span> <span class='ocrx_word' id='word_1_188' title='bbox 1415 1587 1496 1616; x_wconf 90' lang='lat' dir='ltr'>non</span> <span class='ocrx_word' id='word_1_189' title='bbox 1528 1573 1675 1622; x_wconf 89' lang='lat' dir='ltr'>liceat,</span> <span class='ocrx_word' id='word_1_190' title='bbox 1726 1585 1803 1616; x_wconf 91' lang='lat' dir='ltr'>nec</span> 
     </span>
     <span class='ocr_line' id='line_1_24' title="bbox 229 1641 1801 1697; baseline -0.001 -12"><span class='ocrx_word' id='word_1_191' title='bbox 229 1642 368 1686; x_wconf 83' lang='lat' dir='ltr'>rarius</span> <span class='ocrx_word' id='word_1_192' title='bbox 397 1641 603 1685; x_wconf 86' lang='lat' dir='ltr'>videlicet</span> <span class='ocrx_word' id='word_1_193' title='bbox 626 1654 706 1685; x_wconf 90' lang='lat' dir='ltr'>usu</span> <span class='ocrx_word' id='word_1_194' title='bbox 731 1642 892 1697; x_wconf 86' lang='lat' dir='ltr'>veniet,</span> <span class='ocrx_word' id='word_1_195' title='bbox 923 1645 971 1685; x_wconf 88' lang='lat' dir='ltr'>ut</span> <span class='ocrx_word' id='word_1_196' title='bbox 999 1642 1237 1696; x_wconf 85' lang='lat' dir='ltr'>complures</span> <span class='ocrx_word' id='word_1_197' title='bbox 1268 1642 1437 1685; x_wconf 83' lang='lat' dir='ltr'>diversa</span> <span class='ocrx_word' id='word_1_198' title='bbox 1468 1641 1637 1695; x_wconf 88' lang='lat' dir='ltr'>quidem</span> <span class='ocrx_word' id='word_1_199' title='bbox 1668 1642 1711 1684; x_wconf 90' lang='lat' dir='ltr'>in</span> <span class='ocrx_word' id='word_1_200' title='bbox 1741 1654 1801 1695; x_wconf 87' lang='lat' dir='ltr'>re,</span> 
     </span>
     <span class='ocr_line' id='line_1_25' title="bbox 227 1709 1223 1764; baseline -0.001 -11"><span class='ocrx_word' id='word_1_201' title='bbox 227 1709 374 1753; x_wconf 90' lang='lat' dir='ltr'>eodem</span> <span class='ocrx_word' id='word_1_202' title='bbox 404 1712 547 1753; x_wconf 86' lang='lat' dir='ltr'>tamen</span> <span class='ocrx_word' id='word_1_203' title='bbox 576 1710 716 1764; x_wconf 89' lang='lat' dir='ltr'>capite</span> <span class='ocrx_word' id='word_1_204' title='bbox 745 1710 955 1753; x_wconf 88' lang='lat' dir='ltr'>coniuncti</span> <span class='ocrx_word' id='word_1_205' title='bbox 988 1714 1223 1754; x_wconf 87' lang='lat' dir='ltr'>occurrant.</span> 
     </span>
    </p>
   </div>
   <div class='ocr_carea' id='block_1_9' title="bbox 430 1835 1707 1890">
    <p class='ocr_par' dir='ltr' id='par_1_9' title="bbox 430 1835 1707 1890">
     <span class='ocr_line' id='line_1_26' title="bbox 430 1835 1707 1890; baseline 0 -11"><span class='ocrx_word' id='word_1_206' title='bbox 430 1835 471 1879; x_wconf 90' lang='lat' dir='ltr'>b.</span> <span class='ocrx_word' id='word_1_207' title='bbox 501 1835 604 1879; x_wconf 92' lang='lat' dir='ltr'>Ubi</span> <span class='ocrx_word' id='word_1_208' title='bbox 634 1836 697 1879; x_wconf 89' lang='lat' dir='ltr'>ad</span> <span class='ocrx_word' id='word_1_209' title='bbox 727 1836 949 1890; x_wconf 86' lang='lat' dir='ltr'>singula</span> <span class='ocrx_word' id='word_1_210' title='bbox 979 1839 1183 1880; x_wconf 87' lang='lat' dir='ltr'>tantum</span> <span class='ocrx_word' id='word_1_211' title='bbox 1215 1836 1469 1880; x_wconf 88' lang='lat' dir='ltr'>laudatur</span> <span class='ocrx_word' id='word_1_212' title='bbox 1498 1841 1707 1880; x_wconf 86' lang='lat' dir='ltr'>auctor.</span> 
     </span>
    </p>
   </div>
   <div class='ocr_carea' id='block_1_10' title="bbox 224 1925 1804 2392">
    <p class='ocr_par' dir='ltr' id='par_1_10' title="bbox 224 1925 1804 2324">
     <span class='ocr_line' id='line_1_27' title="bbox 362 1925 1804 1983; baseline 0.001 -13"><span class='ocrx_word' id='word_1_213' title='bbox 362 1925 456 1970; x_wconf 90' lang='lat' dir='ltr'>Hoc</span> <span class='ocrx_word' id='word_1_214' title='bbox 486 1929 554 1970; x_wconf 88' lang='lat' dir='ltr'>est</span> <span class='ocrx_word' id='word_1_215' title='bbox 581 1929 857 1981; x_wconf 80' lang='lat' dir='ltr'>praeceptum</span> <span class='ocrx_word' id='word_1_216' title='bbox 886 1926 961 1981; x_wconf 89' lang='lat' dir='ltr'>illi,</span> <span class='ocrx_word' id='word_1_217' title='bbox 995 1927 1108 1982; x_wconf 91' lang='lat' dir='ltr'>quod</span> <span class='ocrx_word' id='word_1_218' title='bbox 1139 1940 1270 1982; x_wconf 86' lang='lat' dir='ltr'>supra</span> <span class='ocrx_word' id='word_1_219' title='bbox 1299 1928 1453 1982; x_wconf 85' lang='lat' dir='ltr'>statui,</span> <span class='ocrx_word' id='word_1_220' title='bbox 1495 1928 1804 1983; x_wconf 80' lang='lat' dir='ltr'>quodommodo</span> 
     </span>
     <span class='ocr_line' id='line_1_28' title="bbox 225 1993 1801 2054; baseline 0.001 -17"><span class='ocrx_word' id='word_1_221' title='bbox 225 1993 496 2054; x_wconf 75' lang='lat' dir='ltr'>contrarium.</span> <span class='ocrx_word' id='word_1_222' title='bbox 536 1994 644 2038; x_wconf 87' lang='lat' dir='ltr'>Nam</span> <span class='ocrx_word' id='word_1_223' title='bbox 676 1997 812 2038; x_wconf 91' lang='lat' dir='ltr'>totum</span> <span class='ocrx_word' id='word_1_224' title='bbox 844 1995 1013 2049; x_wconf 88' lang='lat' dir='ltr'>quidem</span> <span class='ocrx_word' id='word_1_225' title='bbox 1043 2000 1169 2050; x_wconf 85' lang='lat' dir='ltr'>caput</span> <span class='ocrx_word' id='word_1_226' title='bbox 1200 1997 1272 2040; x_wconf 89' lang='lat' dir='ltr'>uni</span> <span class='ocrx_word' id='word_1_227' title='bbox 1293 1997 1382 2041; x_wconf 89' lang='lat' dir='ltr'>fere</span> <span class='ocrx_word' id='word_1_228' title='bbox 1413 1997 1579 2041; x_wconf 87' lang='lat' dir='ltr'>auctori</span> <span class='ocrx_word' id='word_1_229' title='bbox 1611 1997 1801 2041; x_wconf 88' lang='lat' dir='ltr'>tribuen-</span> 
     </span>
     <span class='ocr_line' id='line_1_29' title="bbox 225 2061 1804 2117; baseline 0.002 -12"><span class='ocrx_word' id='word_1_230' title='bbox 225 2062 327 2105; x_wconf 85' lang='lat' dir='ltr'>dum</span> <span class='ocrx_word' id='word_1_231' title='bbox 355 2073 453 2105; x_wconf 88' lang='lat' dir='ltr'>esse</span> <span class='ocrx_word' id='word_1_232' title='bbox 483 2066 526 2105; x_wconf 90' lang='lat' dir='ltr'>et</span> <span class='ocrx_word' id='word_1_233' title='bbox 557 2066 684 2105; x_wconf 86' lang='lat' dir='ltr'>antea</span> <span class='ocrx_word' id='word_1_234' title='bbox 714 2061 1055 2117; x_wconf 76' lang='lat' dir='ltr'>significabamus</span> <span class='ocrx_word' id='word_1_235' title='bbox 1096 2065 1140 2106; x_wconf 89' lang='lat' dir='ltr'>et</span> <span class='ocrx_word' id='word_1_236' title='bbox 1169 2076 1277 2108; x_wconf 92' lang='lat' dir='ltr'>nunc</span> <span class='ocrx_word' id='word_1_237' title='bbox 1307 2066 1602 2108; x_wconf 86' lang='lat' dir='ltr'>demonstrare</span> <span class='ocrx_word' id='word_1_238' title='bbox 1634 2064 1804 2108; x_wconf 88' lang='lat' dir='ltr'>conabi-</span> 
     </span>
     <span class='ocr_line' id='line_1_30' title="bbox 224 2132 1803 2188; baseline 0.001 -14"><span class='ocrx_word' id='word_1_239' title='bbox 224 2133 342 2185; x_wconf 78' lang='lat' dir='ltr'>mur3</span> <span class='ocrx_word' id='word_1_240' title='bbox 386 2143 497 2174; x_wconf 89' lang='lat' dir='ltr'>nunc</span> <span class='ocrx_word' id='word_1_241' title='bbox 527 2134 669 2174; x_wconf 87' lang='lat' dir='ltr'>tamen</span> <span class='ocrx_word' id='word_1_242' title='bbox 700 2132 788 2186; x_wconf 70' lang='lat' dir='ltr'>ita,</span> <span class='ocrx_word' id='word_1_243' title='bbox 821 2134 869 2174; x_wconf 91' lang='lat' dir='ltr'>ut</span> <span class='ocrx_word' id='word_1_244' title='bbox 899 2144 1029 2187; x_wconf 88' lang='lat' dir='ltr'>quum</span> <span class='ocrx_word' id='word_1_245' title='bbox 1060 2133 1144 2175; x_wconf 86' lang='lat' dir='ltr'>alia</span> <span class='ocrx_word' id='word_1_246' title='bbox 1173 2145 1272 2187; x_wconf 88' lang='lat' dir='ltr'>pars</span> <span class='ocrx_word' id='word_1_247' title='bbox 1305 2134 1458 2188; x_wconf 85' lang='lat' dir='ltr'>capitis</span> <span class='ocrx_word' id='word_1_248' title='bbox 1489 2136 1607 2177; x_wconf 83' lang='lat' dir='ltr'>certo</span> <span class='ocrx_word' id='word_1_249' title='bbox 1638 2133 1803 2176; x_wconf 85' lang='lat' dir='ltr'>auctori</span> 
     </span>
     <span class='ocr_line' id='line_1_31' title="bbox 227 2198 1804 2252; baseline 0.001 -10"><span class='ocrx_word' id='word_1_250' title='bbox 227 2198 464 2252; x_wconf 85' lang='lat' dir='ltr'>tribuatur,</span> <span class='ocrx_word' id='word_1_251' title='bbox 510 2199 595 2242; x_wconf 91' lang='lat' dir='ltr'>alia</span> <span class='ocrx_word' id='word_1_252' title='bbox 639 2201 730 2242; x_wconf 85' lang='lat' dir='ltr'>sine</span> <span class='ocrx_word' id='word_1_253' title='bbox 770 2204 946 2243; x_wconf 89' lang='lat' dir='ltr'>auctore</span> <span class='ocrx_word' id='word_1_254' title='bbox 986 2200 1154 2243; x_wconf 88' lang='lat' dir='ltr'>adiecta</span> <span class='ocrx_word' id='word_1_255' title='bbox 1193 2201 1262 2249; x_wconf 82' lang='lat' dir='ltr'>sit,</span> <span class='ocrx_word' id='word_1_256' title='bbox 1308 2205 1459 2245; x_wconf 91' lang='lat' dir='ltr'>cuncta</span> <span class='ocrx_word' id='word_1_257' title='bbox 1489 2213 1566 2243; x_wconf 84' lang='lat' dir='ltr'>nos</span> <span class='ocrx_word' id='word_1_258' title='bbox 1597 2202 1651 2244; x_wconf 86' lang='lat' dir='ltr'>ad</span> <span class='ocrx_word' id='word_1_259' title='bbox 1672 2214 1804 2244; x_wconf 91' lang='lat' dir='ltr'>unum</span> 
     </span>
     <span class='ocr_line' id='line_1_32' title="bbox 225 2266 1414 2324; baseline 0.003 -12"><span class='ocrx_word' id='word_1_260' title='bbox 225 2267 490 2323; x_wconf 78' lang='lat' dir='ltr'>eundemque</span> <span class='ocrx_word' id='word_1_261' title='bbox 519 2266 767 2313; x_wconf 70' lang='lat' dir='ltr'>referamus</span> <span class='ocrx_word' id='word_1_262' title='bbox 828 2268 1034 2324; x_wconf 82' lang='lat' dir='ltr'>Exempla</span> <span class='ocrx_word' id='word_1_263' title='bbox 1063 2268 1282 2314; x_wconf 86' lang='lat' dir='ltr'>illustrant</span> <span class='ocrx_word' id='word_1_264' title='bbox 1312 2283 1414 2315; x_wconf 87' lang='lat' dir='ltr'>rem.</span> 
     </span>
    </p>

    <p class='ocr_par' dir='ltr' id='par_1_11' title="bbox 362 2334 1804 2392">
     <span class='ocr_line' id='line_1_33' title="bbox 362 2334 1804 2392; baseline 0.003 -13"><span class='ocrx_word' id='word_1_265' title='bbox 362 2334 410 2381; x_wconf 81' lang='lat' dir='ltr'>L.</span> <span class='ocrx_word' id='word_1_266' title='bbox 456 2335 579 2381; x_wconf 91' lang='lat' dir='ltr'>XVII</span> <span class='ocrx_word' id='word_1_267' title='bbox 628 2335 702 2392; x_wconf 82' lang='lat'>15,</span> <span class='ocrx_word' id='word_1_268' title='bbox 751 2335 791 2381; x_wconf 72' lang='lat'>6.</span> <span class='ocrx_word' id='word_1_269' title='bbox 866 2336 1035 2381; x_wconf 83' lang='lat' dir='ltr'>Plinius</span> <span class='ocrx_word' id='word_1_270' title='bbox 1072 2338 1293 2382; x_wconf 85' lang='lat' dir='ltr'>Secundus</span> <span class='ocrx_word' id='word_1_271' title='bbox 1340 2339 1384 2382; x_wconf 89' lang='lat' dir='ltr'>in</span> <span class='ocrx_word' id='word_1_272' title='bbox 1429 2337 1548 2382; x_wconf 87' lang='lat' dir='ltr'>libris</span> <span class='ocrx_word' id='word_1_273' title='bbox 1592 2339 1804 2383; x_wconf 86' lang='lat' dir='ltr'>naturalis</span> 
     </span>
    </p>
   </div>
   <div class='ocr_carea' id='block_1_11' title="bbox 223 2404 1808 2873">
    <p class='ocr_par' dir='ltr' id='par_1_12' title="bbox 223 2404 1808 2872">
     <span class='ocr_line' id='line_1_34' title="bbox 225 2404 1805 2463; baseline 0.002 -14"><span class='ocrx_word' id='word_1_274' title='bbox 225 2404 431 2449; x_wconf 84' lang='lat' dir='ltr'>historiae</span> <span class='ocrx_word' id='word_1_275' title='bbox 486 2406 711 2461; x_wconf 88' lang='lat' dir='ltr'>scripsisse</span> <span class='ocrx_word' id='word_1_276' title='bbox 763 2406 922 2451; x_wconf 89' lang='lat' dir='ltr'>dicitur</span> <span class='ocrx_word' id='word_1_277' title='bbox 968 2406 1021 2450; x_wconf 90' lang='lat' dir='ltr'>de</span> <span class='ocrx_word' id='word_1_278' title='bbox 1071 2406 1257 2450; x_wconf 87' lang='lat' dir='ltr'>elleboro</span> <span class='ocrx_word' id='word_1_279' title='bbox 1317 2408 1360 2450; x_wconf 90' lang='lat' dir='ltr'>in</span> <span class='ocrx_word' id='word_1_280' title='bbox 1410 2407 1550 2451; x_wconf 88' lang='lat' dir='ltr'>insula</span> <span class='ocrx_word' id='word_1_281' title='bbox 1599 2407 1805 2463; x_wconf 84' lang='lat' dir='ltr'>Anticyra</span> 
     </span>
     <span class='ocr_line' id='line_1_35' title="bbox 223 2474 1805 2530; baseline -0.001 -13"><span class='ocrx_word' id='word_1_282' title='bbox 223 2474 428 2518; x_wconf 83' lang='lat' dir='ltr'>sumendo</span> <span class='ocrx_word' id='word_1_283' title='bbox 473 2477 518 2518; x_wconf 90' lang='lat' dir='ltr'>et</span> <span class='ocrx_word' id='word_1_284' title='bbox 560 2474 612 2518; x_wconf 87' lang='lat' dir='ltr'>de</span> <span class='ocrx_word' id='word_1_285' title='bbox 655 2474 776 2518; x_wconf 88' lang='lat' dir='ltr'>Livio</span> <span class='ocrx_word' id='word_1_286' title='bbox 821 2475 963 2518; x_wconf 88' lang='lat' dir='ltr'>Druso</span> <span class='ocrx_word' id='word_1_287' title='bbox 1008 2475 1121 2518; x_wconf 81' lang='lat' dir='ltr'>illius</span> <span class='ocrx_word' id='word_1_288' title='bbox 1167 2474 1462 2518; x_wconf 88' lang='lat' dir='ltr'>medicamenti</span> <span class='ocrx_word' id='word_1_289' title='bbox 1512 2488 1594 2530; x_wconf 89' lang='lat' dir='ltr'>ope</span> <span class='ocrx_word' id='word_1_290' title='bbox 1638 2480 1805 2520; x_wconf 87' lang='lat' dir='ltr'>sanato.</span> 
     </span>
     <span class='ocr_line' id='line_1_36' title="bbox 225 2536 1808 2600; baseline 0.002 -15"><span class='ocrx_word' id='word_1_291' title='bbox 225 2541 472 2587; x_wconf 84' lang='lat' dir='ltr'>Praemissa</span> <span class='ocrx_word' id='word_1_292' title='bbox 515 2547 615 2588; x_wconf 86' lang='lat' dir='ltr'>sunt</span> <span class='ocrx_word' id='word_1_293' title='bbox 658 2545 751 2587; x_wconf 90' lang='lat' dir='ltr'>siue</span> <span class='ocrx_word' id='word_1_294' title='bbox 795 2546 969 2587; x_wconf 90' lang='lat' dir='ltr'>auctore</span> <span class='ocrx_word' id='word_1_295' title='bbox 1014 2543 1038 2598; x_wconf 64' lang='grc' dir='ltr'><strong>ς</strong></span> <span class='ocrx_word' id='word_1_296' title='bbox 1079 2544 1185 2585; x_wconf 71' lang='lat'>1-2</span> <span class='ocrx_word' id='word_1_297' title='bbox 1232 2545 1284 2588; x_wconf 92' lang='lat' dir='ltr'>de</span> <span class='ocrx_word' id='word_1_298' title='bbox 1325 2544 1570 2598; x_wconf 85' lang='lat' dir='ltr'>Carneade,</span> <span class='ocrx_word' id='word_1_299' title='bbox 1601 2536 1689 2600; x_wconf 51' lang='lat' dir='ltr'>&#39;qui</span> <span class='ocrx_word' id='word_1_300' title='bbox 1735 2545 1808 2589; x_wconf 89' lang='lat' dir='ltr'>ad·</span> 
     </span>
     <span class='ocr_line' id='line_1_37' title="bbox 223 2611 1804 2669; baseline 0.001 -16"><span class='ocrx_word' id='word_1_301' title='bbox 223 2621 374 2654; x_wconf 86' lang='lat' dir='ltr'>versus</span> <span class='ocrx_word' id='word_1_302' title='bbox 405 2611 618 2656; x_wconf 88' lang='lat' dir='ltr'>Zenonem</span> <span class='ocrx_word' id='word_1_303' title='bbox 657 2612 896 2667; x_wconf 89' lang='lat' dir='ltr'>scripturus</span> <span class='ocrx_word' id='word_1_304' title='bbox 935 2611 1123 2656; x_wconf 84' lang='lat' dir='ltr'>elleboro</span> <span class='ocrx_word' id='word_1_305' title='bbox 1164 2616 1350 2657; x_wconf 87' lang='lat' dir='ltr'>mentem</span> <span class='ocrx_word' id='word_1_306' title='bbox 1379 2614 1590 2669; x_wconf 88' lang='lat' dir='ltr'>acuisset,</span> <span class='ocrx_word' id='word_1_307' title='bbox 1638 2613 1661 2668; x_wconf 62' lang='grc' dir='ltr'>ἕ</span> <span class='ocrx_word' id='word_1_308' title='bbox 1693 2612 1804 2655; x_wconf 88' lang='grc'>4-5</span> 
     </span>
     <span class='ocr_line' id='line_1_38' title="bbox 224 2677 1804 2737; baseline 0.001 -16"><span class='ocrx_word' id='word_1_309' title='bbox 224 2677 279 2722; x_wconf 89' lang='lat' dir='ltr'>de</span> <span class='ocrx_word' id='word_1_310' title='bbox 305 2678 475 2723; x_wconf 82' lang='lat' dir='ltr'>candidi</span> <span class='ocrx_word' id='word_1_311' title='bbox 505 2683 549 2724; x_wconf 90' lang='lat' dir='ltr'>et</span> <span class='ocrx_word' id='word_1_312' title='bbox 580 2680 689 2736; x_wconf 87' lang='lat' dir='ltr'>nigri</span> <span class='ocrx_word' id='word_1_313' title='bbox 718 2679 894 2725; x_wconf 87' lang='lat' dir='ltr'>ellebori</span> <span class='ocrx_word' id='word_1_314' title='bbox 924 2679 1088 2724; x_wconf 90' lang='lat' dir='ltr'>medela</span> <span class='ocrx_word' id='word_1_315' title='bbox 1126 2683 1170 2725; x_wconf 90' lang='lat' dir='ltr'>et</span> <span class='ocrx_word' id='word_1_316' title='bbox 1200 2681 1409 2736; x_wconf 86' lang='lat' dir='ltr'>periculo,</span> <span class='ocrx_word' id='word_1_317' title='bbox 1456 2684 1694 2737; x_wconf 86' lang='lat' dir='ltr'>sequuntur</span> <span class='ocrx_word' id='word_1_318' title='bbox 1723 2680 1747 2736; x_wconf 68' lang='grc' dir='ltr'><strong>ξ</strong></span> <span class='ocrx_word' id='word_1_319' title='bbox 1781 2680 1804 2722; x_wconf 88' lang='grc'>7</span> 
     </span>
     <span class='ocr_line' id='line_1_39' title="bbox 224 2743 1804 2805; baseline 0.002 -15"><span class='ocrx_word' id='word_1_320' title='bbox 224 2744 279 2790; x_wconf 87' lang='lat' dir='ltr'>de</span> <span class='ocrx_word' id='word_1_321' title='bbox 306 2743 467 2802; x_wconf 77' lang='lat' dir='ltr'>Gallis,</span> <span class='ocrx_word' id='word_1_322' title='bbox 512 2748 586 2803; x_wconf 90' lang='lat' dir='ltr'>qui</span> <span class='ocrx_word' id='word_1_323' title='bbox 625 2747 812 2792; x_wconf 90' lang='lat' dir='ltr'>elleboro</span> <span class='ocrx_word' id='word_1_324' title='bbox 851 2746 1035 2802; x_wconf 81' lang='lat' dir='ltr'>sagittas</span> <span class='ocrx_word' id='word_1_325' title='bbox 1065 2747 1309 2805; x_wconf 89' lang='lat' dir='ltr'>inficerent,</span> <span class='ocrx_word' id='word_1_326' title='bbox 1358 2749 1595 2794; x_wconf 82' lang='lat' dir='ltr'>bestiarum</span> <span class='ocrx_word' id='word_1_327' title='bbox 1634 2761 1804 2793; x_wconf 89' lang='lat' dir='ltr'>carnem</span> 
     </span>
     <span class='ocr_line' id='line_1_40' title="bbox 226 2813 1803 2873; baseline 0.003 -15"><span class='ocrx_word' id='word_1_328' title='bbox 226 2813 482 2858; x_wconf 76' lang='lat' dir='ltr'>teneriorem</span> <span class='ocrx_word' id='word_1_329' title='bbox 512 2816 737 2861; x_wconf 78' lang='lat' dir='ltr'>reddituri.</span> <span class='ocrx_word' id='word_1_330' title='bbox 797 2815 986 2868; x_wconf 78' lang='lat' dir='ltr'>Quorum</span> <span class='ocrx_word' id='word_1_331' title='bbox 1014 2829 1127 2872; x_wconf 86' lang='lat' dir='ltr'>quae</span> <span class='ocrx_word' id='word_1_332' title='bbox 1158 2816 1321 2862; x_wconf 84' lang='lat' dir='ltr'>Gellius</span> <span class='ocrx_word' id='word_1_333' title='bbox 1353 2818 1492 2862; x_wconf 85' lang='lat' dir='ltr'>Plinio</span> <span class='ocrx_word' id='word_1_334' title='bbox 1520 2817 1692 2873; x_wconf 86' lang='lat' dir='ltr'>tribuit,</span> <span class='ocrx_word' id='word_1_335' title='bbox 1731 2830 1803 2863; x_wconf 85' lang='lat' dir='ltr'>ex·</span> 
     </span>
    </p>
   </div>
   <div class='ocr_carea' id='block_1_12' title="bbox 0 3196 2098 3256">
    <p class='ocr_par' dir='ltr' id='par_1_13' title="bbox 0 3196 2098 3256">
     <span class='ocr_line' id='line_1_41' title="bbox 0 3196 2098 3256; baseline 0 0"><span class='ocrx_word' id='word_1_336' title='bbox 0 3196 2098 3256; x_wconf 95' lang='lat' dir='ltr'> </span> 
     </span>
    </p>
   </div>
  </div>
 </body>
</html>
