2098 3256
836 164 1123 209 -33—

187 278 308 340 cnjus
352 280 469 327 nulla
512 282 659 327 littera
698 280 813 342 apud
844 279 1027 325 Gellium
1068 283 1146 326 est.
1206 281 1250 325 P.
1283 278 1338 323 78
1368 292 1407 324 a.
1438 278 1602 325 Metelli
1631 278 1769 324 locum

176 350 316 403 (Gen.
347 350 371 407 ξ
402 350 448 401 7)
481 351 635 406 omisit,
678 349 754 394 sed
784 349 1049 393 Lucilianum
1077 349 1220 403 habet,
1251 353 1399 394 nostro
1431 361 1515 393 non
1546 361 1768 403 compara-

188 413 294 476 tum,
337 419 463 465 Novii
494 424 538 465 et
567 419 736 465 Claudii
769 417 940 472 (Coelii)
987 419 1067 462 loci
1113 420 1282 473 utrique
1327 430 1585 463 communes.
1644 417 1768 467 Dein,

186 484 261 533 ubi
290 491 507 533 auctorem
536 487 603 532 his
632 487 738 531 locis
773 486 1005 541 subiunxit,
1036 486 1226 531 Caelium
1247 487 1315 531 vel
1335 487 1527 531 Goe.ium
1556 487 1601 530 in
1629 487 1766 542 primo

186 556 330 602 annali
371 556 535 611 laudat,
581 568 665 600 non
710 554 934 599 Claudium
980 555 1321 610 Quadrigarium,
1367 568 1419 600 ex
1458 556 1581 600 cuius
1621 553 1767 600 annali

186 625 322 681 primo
352 624 515 669 Gellius
546 636 625 668 sua
654 623 810 667 hausit.
870 623 992 675 Quod
1021 636 1071 666 eo
1102 624 1237 677 magis
1267 622 1453 678 offendit,
1485 624 1586 678 quia
1614 635 1652 678 p.
1683 621 1765 665 275

187 706 226 739 a.
257 706 292 738 s
322 706 360 738 v.
391 692 616 737 subnixum
646 692 785 736 locum
805 690 974 735 Claudii
1005 704 1031 735 a
1060 691 1209 735 Gellio
1228 693 1442 746 inceptum
1471 692 1563 746 ipse
1594 692 1766 746 supple·

185 762 278 806 vit.
319 761 555 816 Oportebat
584 761 718 814 igitur
748 773 843 803 eum
873 753 1013 813 ipsum
1053 760 1174 802 adire
1220 760 1490 812 scriptorem
1535 761 1620 802 iam
1665 772 1765 826 quo

138 817 313 884 ‚modo
354 828 488 874 Coelii
531 841 683 872 nomen
727 840 944 883 apponere
986 828 1156 881 potuit?
1216 828 1278 871 Ac
1308 827 1436 872 Gellii
1465 828 1515 881 Q.
1545 827 1769 872 Claudium

187 908 334 943 omnes
363 900 542 942 tuentur
570 897 747 951 codices,
780 896 969 940 Coelium
988 896 1116 939 Nonii
1146 897 1337 940 locorum
1366 908 1608 941 consensus
1657 897 1768 941 Sane

121 1024 127 1029 .
187 966 357 1022 quidem
387 965 577 1010 Coelium
608 966 763 1010 scimus
790 977 846 1009 ex
876 963 1011 1009 Gellio
1042 965 1082 1008 X
1112 964 1179 1018 24,
1227 962 1252 1006 6
1284 968 1327 1008 et
1358 964 1397 1019 7,
1445 969 1669 1010 auctorum
1698 978 1770 1010 ve-

187 1035 319 1090 stigia
348 1034 454 1078 satis
486 1035 611 1078 anxie
641 1037 833 1078 secutum
864 1046 973 1088 esse,
1017 1034 1215 1088 idemque
1259 1034 1312 1077 de
1352 1034 1506 1077 ceteris
1548 1034 1766 1077 annalium

186 1101 465 1166 scriptoribus
496 1101 699 1146 affirmari
729 1114 857 1155 posse
887 1102 1112 1155 videtur.¹)
1171 1101 1331 1144 Dubito
1362 1105 1519 1156 tamen,
1560 1110 1615 1145 an
1647 1102 1763 1156 quis-

187 1183 314 1227 quam
344 1170 451 1214 adeo
482 1171 699 1224 presserit,
731 1173 779 1212 nt
809 1169 1031 1213 Claudium
1062 1182 1209 1213 omnes
1239 1169 1317 1213 hos
1347 1171 1463 1214 locos
1494 1171 1684 1224 integros
1716 1182 1767 1214 ex

188 1239 333 1301 Coelio
362 1237 636 1283 transtulisse
657 1238 859 1283 credibile
879 1240 948 1282 sit.
993 1238 1110 1282 Nihil
1141 1239 1272 1292 igitur
1299 1239 1495 1283 relictum
1526 1242 1605 1293 est,
1639 1252 1768 1294 quam

186 1296 236 1352 ut
265 1320 451 1352 errorem
480 1307 593 1351 hunc
613 1307 751 1350 Nonio
781 1307 1050 1362 imputemus,
1082 1306 1122 1350 ei
1151 1307 1327 1361 scilicet,
1367 1308 1439 1362 qui
1469 1308 1607 1352 locum
1635 1307 1769 1352 histo-

187 1377 349 1422 riarum
379 1375 572 1421 Sallustii
603 1377 657 1420 ad
688 1375 943 1430 Jugurtbam
972 1374 1165 1419 referret.
1216 1375 1348 1419 Cuius
1379 1377 1667 1432 negligentiae
1695 1389 1769 1420 no·

189 1448 280 1502 stro
310 1445 401 1489 loco
433 1444 613 1488 alterum
633 1445 864 1499 vestigium
883 1443 1253 1499 deprehendimus,
1294 1444 1562 1500 Comparabo
1584 1444 1767 1489 Gellium

185 1517 230 1559 et
257 1513 466 1560 Nonium:
1311 1518 1332 1532 ·

518 1581 643 1625 Gellii
675 1581 698 1636 ξ
729 1580 767 1624 3.
1209 1582 1304 1625 Non
1335 1594 1366 1625 s.
1397 1596 1436 1625 v.
1467 1582 1737 1627 inlatebrare.

221 1651 373 1705 „Arma
394 1649 586 1704 plerique
607 1649 795 1692 abiciunt
810 1652 940 1703 atque
962 1650 1110 1692 inermi
1206 1651 1361 1704 „Arma
1372 1650 1564 1705 plerique
1576 1649 1769 1694 abiciunt

191 1717 475 1775 „inlatebrant
514 1717 644 1761 sese.⁸
709 1716 975 1761 Inlatebrant
1018 1730 1112 1761 ver·
1188 1722 1342 1774 „atque
1372 1719 1547 1763 inermis
1582 1719 1626 1763 in
1660 1718 1767 1763 late·

185 1787 286 1830 bum
317 1786 532 1841 poeticum
562 1786 698 1829 visum
730 1789 807 1828 est.
1189 1787 1361 1841 „brasse
1390 1786 1685 1831 inlatebrant.“

320 1877 404 1922 Ubi
434 1876 562 1921 Nonii
597 1877 662 1931 „in
692 1876 881 1921 latebras
913 1890 960 1921 se
990 1876 1270 1923 inlatebrant“
1306 1879 1360 1923 ab
1400 1892 1546 1924 errore
1577 1879 1767 1934 quodam

185 1946 465 2001 repetendum
494 1946 677 1999 videtur,
709 1947 783 2000 qui
814 1947 935 1990 unice
968 1947 1204 2001 explicatur
1234 1947 1371 1992 Gellio
1401 1947 1604 1992 adhibito

328 2038 587 2081 Perventum
618 2042 684 2080 est
713 2038 767 2080 ad
798 2050 872 2081 eos
904 2039 1038 2092 locos,
1084 2040 1128 2082 in
1174 2039 1328 2094 quibus
1372 2052 1538 2084 summa
1582 2040 1767 2094 suspicio

190 2090 257 2149 est
285 2108 459 2160 praeter
489 2104 674 2149 Gellium
704 2105 831 2149 alieni
860 2105 1005 2150 fontis.

323 2192 450 2239 Tales
481 2195 718 2239 invenimus
750 2199 838 2239 tres
870 2197 1117 2240 continuos:

394 2263 521 2309 Gellii
551 2264 650 2309 XVI
709 2264 734 2305 5
764 2265 872 2308 Non.
905 2278 944 2319 p.
977 2263 1030 2306 37
1061 2266 1099 2309 1),
1133 2278 1166 2309 s.
1201 2280 1240 2309 v.
1271 2266 1484 2310 vestibula

389 2332 473 2378 Glii
548 2333 649 2377 XVI
708 2331 734 2375 6
765 2334 873 2377 Νοιι.
906 2347 946 2388 p.
978 2332 1032 2376 37
1063 2335 1103 2379 b.
1134 2347 1168 2378 s.
1199 2349 1236 2379 v.
1266 2335 1462 2379 bidentes

392 2402 519 2446 Gellii
548 2401 649 2446 XVI
683 2400 734 2443 12
764 2401 871 2445 Non.
905 2415 945 2457 p,
979 2401 1034 2444 38
1065 2416 1102 2448 a.
1136 2415 1169 2446 s.
1200 2416 1237 2446 v.
1267 2402 1417 2447 faenus

29 2474 59 2512 ‚¹
123 2527 125 2529 v
182 2487 225 2530 p.
258 2471 313 2515 37
344 2473 385 2519 b.
415 2485 450 2516 s.
481 2485 521 2516 v.
552 2471 765 2516 vestibula
792 2471 956 2515 Nonius
996 2473 1217 2527 praemisit
1251 2473 1595 2526 explicationem,
1640 2486 1770 2527 quam

188 2542 303 2597 apud
348 2533 534 2586 Gellium
577 2540 738 2584 frustra
782 2541 997 2596 requires;
1044 2554 1071 2584 a
1098 2541 1233 2586 Vesta
1269 2541 1349 2585 dea
1379 2540 1601 2586 derivavit.
1661 2542 1771 2586 Dein

169 2609 348 2655 addidit
395 2610 663 2665 („Invenitur
707 2609 836 2654 etiam
882 2610 993 2664 apud
1039 2612 1206 2653 veteres
1251 2608 1448 2665 doctos“)
1477 2609 1599 2665 hanc,
1643 2623 1770 2666 quam

183 2677 348 2748 Gellius
394 2678 519 2732 quasi
563 2690 716 2722 novam
760 2677 940 2732 protulit
980 2680 1024 2721 et
1064 2678 1172 2721 satis
1214 2690 1309 2721 eam
1354 2690 1457 2723 sane
1498 2678 1766 2734 singularem.

324 2840 351 2883 ¹)
375 2838 428 2876 Cf.
452 2827 560 2876 Peter
580 2847 701 2883 progr.
727 2836 903 2883 Tanglim.
942 2837 1028 2872 1853
1051 2847 1087 2883 p.
1111 2839 1133 2872 4
1156 2847 1208 2883 sq.

1537 2909 1559 2943 3
