2098 3256
840 152 897 162 ...
956 129 1012 174 73
1065 153 1122 165 ..-

192 249 412 300 auctorem
451 247 578 293 Gellii-
614 246 766 303 1uisse,
811 259 887 303 pro
925 251 1045 293 certo
1083 245 1356 301 affirmarem,
1400 245 1438 289 si
1468 255 1579 300 quae
1618 242 1767 287 eodem

39 299 42 303 ⁵
126 346 130 351 .
187 301 334 380 eapite
360 316 537 373 Vergilii
566 320 717 363 contra
748 315 982 361 Cornutum
1011 316 1199 361 defendit
1227 318 1385 369 noster,
1417 312 1566 359 eorum
1595 322 1767 368 quoque

190 385 374 441 vestigia
400 386 445 431 in
468 385 627 431 Verrio
646 385 1023 441 deprehenderem.
1063 386 1183 439 Quod
1204 397 1326 430 secus
1345 387 1494 429 est.—-
1508 381 1648 427 Multo
1668 392 1768 426 con·

190 452 389 505 fidentius
417 454 609 499 iudicare
637 454 737 499 licet
770 454 825 499 de
854 454 962 499 Gell.
982 455 1064 500 VII
1088 454 1128 508 5,
1160 453 1186 494 2
1207 466 1316 510 sqq„
1346 452 1398 498 cf.
1418 451 1594 497 Merckl.
1610 463 1653 506 p.
1669 447 1767 493 661.

191 515 383 577 Quaerit
410 521 573 567 Gellius
611 522 665 567 de
704 535 770 567 vv.
811 525 958 578 putum
999 526 1043 568 et
1071 525 1237 578 putare.
1295 521 1409 575 Quas
1455 533 1585 577 quum
1630 518 1767 564 Varro

191 603 362 653 quoque
391 592 606 648 attigerit,
645 591 714 637 hic
742 592 905 647 primus
934 591 1215 637 conferendus
1247 592 1348 641 erit,
1387 590 1440 635 de
1468 590 1569 645 ling.
1599 588 1674 634 lat.
1705 587 1766 632 VI

180 654 247 707 63
277 661 335 710 Μ.
393 660 477 706 Ubi
506 661 642 706 multa
681 674 785 706 sane
825 661 980 721 similia
1008 673 1103 707 cum
1142 660 1299 715 Gellio,
1339 659 1425 704 alia
1453 662 1616 713 autem,
1656 668 1768 713 quae

190 729 355 775 Gellius
384 742 469 774 non
497 729 639 784 habet,
681 733 871 780 exstant.
914 731 1212 775 desiderantur
1240 729 1344 783 alia,
1385 741 1493 784 quae
1523 730 1626 770 sunt
1653 725 1768 781 apud

189 800 395 858 nostrum.
454 798 533 842 Ille
563 797 740 842 arbores
771 798 913 853 putari
942 798 1067 852 dicit,
1106 801 1254 842 noster
1282 795 1459 841 arbores
1489 798 1534 839 et
1564 796 1692 844 vites,
1723 797 1768 839 et

188 878 300 925 qnae
329 866 493 912 Gellius
524 867 577 911 de
605 865 736 911 verbo
768 868 922 922 putare
962 866 1248 917 (existimandi
1278 862 1607 921 significatione)
1637 866 1683 907 et
1711 863 1766 907 de

188 937 369 996 argento
400 938 517 990 puto,
547 933 709 979 frustra
738 934 852 989 apud
882 936 1115 985 Varronem
1150 933 1355 990 requires
1417 932 1555 976 Multo
1586 931 1765 976 similius

172 1002 363 1056 ,disserit
391 1004 510 1049 Paul.
540 1004 658 1049 Diae.
688 1016 729 1060 p.
759 1001 843 1046 216
872 1003 943 1056 (cf.
973 1016 1012 1059 p.
1048 1002 1145 1059 108)
1176 1003 1339 1059 „Putus
1360 1002 1527 1058 antiqui
1556 1000 1767 1056 dicebant,

192 1075 296 1129 ¹,pro
326 1085 447 1129 puro,
476 1073 588 1118 unde
617 1076 793 1129 putatae
821 1074 932 1118 vites
962 1077 1006 1118 et
1034 1073 1223 1127 arbores,
1266 1073 1381 1128 quod
1410 1071 1564 1119 decisis
1593 1070 1766 1126 impedi·

193 1141 370 1197 ¹,mentis
400 1144 671 1201 remanerent
698 1154 855 1198 purae;
900 1138 1051 1187 auruin
1081 1153 1251 1198 quoque
1290 1143 1486 1196 putatum
1526 1139 1609 1184 dici
1638 1138 1762 1193 solet,

193 1209 262 1265 ,id
304 1212 373 1254 est
416 1213 698 1266 expurgatum
745 1213 789 1255 et
832 1211 942 1256 ratio
982 1214 1165 1266 purgata
1194 1209 1427 1266 (putatam,
1470 1209 1514 1253 id
1551 1211 1619 1252 est
1656 1219 1767 1263 pura

76 1268 80 1272 ⁴
134 1292 142 1297 ·
192 1275 367 1336 ἐλάω*
426 1277 603 1321 Festum
642 1290 684 1332 p.
730 1275 813 1319 217
844 1278 881 1322 b.
922 1278 1117 1322 mutilum
1141 1290 1225 1321 non
1254 1277 1530 1322 transscribo.
1582 1275 1765 1320 Mueller

185 1345 243 1391 ad
270 1344 311 1400 h.
341 1344 368 1388 1.
400 1345 529 1390 etiam
557 1345 742 1390 Nonium
771 1360 812 1401 p.
848 1345 898 1388 ¹8
928 1359 962 1391 s.
982 1359 1020 1390 v.
1042 1351 1170 1401 putus
1201 1346 1363 1398 citavit,
1394 1349 1438 1390 et
1466 1346 1570 1394 iure,
1601 1346 1765 1398 opinor.

182 1396 294 1458 Nam
323 1423 455 1468 quum
485 1414 679 1469 exempla
708 1413 763 1458 ab
793 1427 843 1458 eo
874 1414 1007 1458 allata
1045 1416 1132 1458 sint
1175 1427 1261 1459 non
1309 1414 1523 1467 Gelliam,
1572 1413 1767 1457 Gelliana

188 1478 247 1539 (fi
256 1477 327 1535 10)
358 1480 566 1536 neglecta,
596 1485 641 1526 et
668 1482 713 1526 in
742 1481 917 1538 reliquis
939 1482 1089 1527 similis
1109 1483 1247 1538 magis
1277 1495 1404 1538 quam
1434 1483 1610 1538 propria
1639 1480 1767 1526 Gellii

187 1548 329 1606 imago
358 1549 538 1605 reddita,
571 1563 623 1596 ex
652 1551 805 1596 Verrio
834 1551 976 1608 potius
997 1564 1124 1608 quam
1154 1565 1207 1597 ex
1236 1551 1374 1597 Gellio
1404 1551 1600 1597 hausisse
1630 1549 1765 1595 videri

94 1639 97 1641 ·
186 1617 327 1664 debet.
386 1617 469 1663 Sed
499 1621 549 1663 ut
575 1618 674 1664 huic
702 1619 765 1665 rei
792 1618 921 1666 fidem
950 1620 1148 1677 deneges,
1178 1621 1222 1666 in
1250 1621 1303 1666 iis
1334 1633 1527 1678 quoque,
1555 1632 1665 1677 quae
1694 1632 1762 1664 re-

186 1687 288 1733 licta
315 1692 416 1732 sunt
444 1688 567 1733 Pauli
597 1692 642 1733 et
668 1690 801 1745 Festi,
831 1693 899 1734 sat
918 1690 1053 1734 multa
1082 1691 1354 1734 inveniuntur
1382 1703 1478 1734 cum
1498 1693 1646 1733 nostro
1666 1701 1764 1733 oon-

186 1756 329 1812 tigua,
367 1756 537 1801 maximi
567 1758 696 1802 etiam
736 1770 831 1803 cum
863 1757 1094 1803 Mercklino
1130 1770 1392 1803 communem
1420 1758 1651 1802 Alexandri
1679 1757 1764 1801 En-

184 1823 339 1869 nianae
368 1826 626 1870 mentionem
654 1827 794 1881 pendo
825 1825 893 1877 (cf.
923 1826 1040 1871 Fest.
1071 1827 1098 1872 l.
1127 1827 1154 1870 1.
1185 1825 1292 1871 Gell.
1324 1826 1348 1882 g
1381 1825 1465 1881 10).
1484 1825 1515 1881 ¹)

122 1939 127 1943 ,
323 1891 486 1938 Gellius
530 1893 609 1938 XV
639 1891 690 1936 9
705 1893 890 1939 frontem
929 1895 1160 1940 masculine
1190 1905 1216 1939 a
1245 1895 1461 1940 veteribus
1499 1895 1655 1939 dictam
1689 1906 1763 1938 no-

185 1961 319 2016 tavit,
379 1960 576 2007 adhibuit
605 1962 777 2008 Caecilii
815 1963 955 2008 locum
985 1967 1031 2008 et
1068 1963 1092 2020 ἓ
1123 1963 1149 2006 5
1190 1964 1296 2009 duos
1327 1963 1513 2009 Catonis.
1573 1962 1764 2016 Quorum

186 2030 403 2087 posterior
452 2034 591 2086 „recto
630 2031 798 2077 fronte“
837 2033 950 2078 redit
979 2034 1094 2089 apud
1123 2034 1299 2077 Festum
1335 2046 1377 2089 p.
1408 2030 1492 2075 286
1522 2032 1562 2076 b.
1608 2030 1763 2087 „Recto

188 2097 354 2157 ,ji-onte
370 2105 524 2142 ceteros
545 2100 665 2157 aequi
693 2101 732 2143 si
760 2102 888 2158 norit,
918 2101 1025 2147 Cato
1046 2102 1091 2146 in
1121 2102 1424 2147 dissertatione
1453 2100 1703 2146 consulatus
1716 2099 1767 2156 ²).

325 2225 352 2268 ¹)
398 2224 542 2272 Roeper
563 2226 689 2263 Philol.
713 2226 766 2263 IX
791 2229 823 2270 2,
848 2236 883 2272 p.
913 2227 979 2262 245
1003 2230 1067 2264 not
1105 2228 1158 2271 17,
1194 2227 1289 2263 siout
1311 2235 1379 2272 ego
1406 2229 1514 2263 antea
1542 2224 1641 2260 illius
1663 2224 1767 2270 igna-

181 2291 259 2322 rus.
292 2280 508 2328 coniungere
539 2281 652 2319 voluit
684 2283 794 2319 etiam
826 2282 1076 2320 Prometheum
1113 2292 1136 2318 a
1159 2283 1276 2319 Nonio
1308 2281 1331 2319 1.
1356 2292 1386 2318 c.
1413 2281 1599 2318 laudatum
1633 2286 1672 2318 et
1695 2270 1766 2320 δὶς

181 2326 333 2377 παῖδες
360 2327 400 2370 Οἵ
433 2327 639 2387 νέμοντες
667 2341 815 2389 satiram
832 2341 1006 2377 Varronis
1030 2351 1053 2377 a
1076 2340 1192 2377 Gellio
1215 2340 1236 2387 ξ
1263 2342 1304 2374 10
1327 2339 1550 2385 adscriptum
1609 2339 1683 2376 Sed
1706 2339 1769 2375 ob-

179 2399 259 2434 stat
280 2395 466 2434 titulorum
488 2396 581 2433 ratio
605 2387 809 2442 satirarum,
833 2407 927 2443 „qua
949 2397 1051 2443 prior
1074 2396 1167 2434 solet
1189 2406 1268 2433 esse
1295 2406 1427 2432 nomen
1450 2399 1515 2431 aut
1537 2394 1766 2441 proverbium

92 2489 100 2494 ι
181 2453 238 2499 vel
258 2464 427 2501 graecum
462 2454 518 2491 vel
550 2454 722 2501 latinum,
758 2455 852 2492 alter
886 2454 1031 2491 omnino
1065 2464 1237 2501 graecus,
1273 2454 1333 2499 qui
1369 2453 1641 2500 praepositione
1665 2443 1763 2501 περὶ

179 2515 428 2557 argumentum
450 2510 622 2549 indicat!

320 2569 350 2612 ²)
373 2567 475 2605 Haec
498 2567 625 2610 oratio,
648 2572 734 2614 post
756 2567 911 2605 reditum
935 2579 980 2605 ex
1002 2568 1179 2613 Hispania
1200 2567 1341 2614 habita,
1370 2568 1418 2604 ad
1441 2568 1605 2614 quintum
1629 2568 1758 2605 librum

179 2624 355 2673 originum
378 2626 548 2673 pertinet,
573 2625 711 2664 Gellius
733 2629 854 2663 autem
878 2625 1008 2672 locum,
1032 2625 1230 2663 secundum
1256 2625 1361 2663 codd.
1386 2637 1460 2673 reg.
1485 2630 1523 2663 et
1545 2626 1648 2663 Voss.
1667 2625 1761 2662 mai.

179 2692 226 2722 ex
245 2682 363 2730 primo
385 2682 501 2721 affert.
547 2684 719 2721 Attamen
754 2682 917 2729 quintum
944 2682 1074 2719 librum
1106 2682 1252 2720 codices
1282 2682 1479 2722 deteriores
1503 2682 1665 2728 quidem,
1692 2681 1772 2718 sed·

178 2739 277 2779 haud
298 2740 495 2786 spernendi
517 2745 714 2780 servarunt.
762 2739 814 2778 Cf.
845 2740 997 2778 Gronov.
1021 2739 1069 2778 ad
1092 2740 1126 2777 h.
1150 2739 1173 2777 l.
1199 2745 1237 2778 et
1258 2751 1332 2779 var.
1356 2741 1440 2779 lect.
1464 2750 1489 2777 a
1510 2739 1666 2778 Iordane
1688 2737 1762 2776 1.1·
