2098 3263
49 2618 100 2688 ⁸¹&

940 132 1202 177 ..2-
1530 108 1595 191 *X

281 248 543 304 „ditionibus
581 246 920 303 lectionibusque
948 247 1078 293 variis
1107 247 1356 292 feceramus.
1359 245 1385 267 ‘⁴
1443 247 1506 292 Ac
1534 248 1603 292 de
1616 247 1715 298 illis,
1749 250 1881 304 quae

279 317 429 362 audita
463 329 490 360 a
515 317 619 360 viris
655 316 792 360 doctis
822 317 1097 361 adnotatione
1133 317 1366 379 eademque
1401 320 1553 370 postea
1587 310 1860 393 enarratione

280 385 482 439 dignatus
513 387 594 438 est,
622 384 857 439 separatim
876 384 1103 439 disputabo
1134 383 1171 439 ξ.
1194 383 1238 438 7;
1269 395 1379 427 nunc
1406 383 1461 427 de
1479 384 1651 439 scriptis
1670 381 1885 445 fontibus.

280 452 422 496 dicere
451 452 621 510 attinet.

420 519 632 574 Principio
661 519 799 574 igitur
827 520 1057 565 tenendum
1088 521 1194 575 erit,
1226 517 1416 565 Gellium
1445 520 1651 575 pleraque
1680 531 1858 576 conges-
1900 574 1905 578 ,
2044 504 2096 555 {a

277 589 389 638 sisse
408 594 639 643 antequam
659 588 883 633 consilium
902 589 1031 633 iniret
1045 588 1384 633 lucubrationum
1403 588 1675 633 edendarum.
1708 587 1860 650 Neque
1912 615 1915 618 ·

272 658 317 701 id
349 657 440 712 egit
469 656 641 711 omnino
687 659 735 700 ut
779 660 944 700 certum
989 658 1191 711 quiddam
1235 658 1316 701 sibi
1362 660 1643 712 proponeret,
1689 657 1743 702 de
1771 669 1857 714 quo

272 724 405 769 altius
436 727 680 779 quaereret,
710 736 848 784 neque
888 724 963 767 ulli
993 724 1235 768 litterarum
1270 725 1518 780 disciplinae
1549 725 1746 774 addictus
1774 725 1858 770 fuit

272 794 368 847 uni;
399 793 476 837 sed
506 804 681 837 suorum
708 792 845 847 ipsius
876 792 1115 836 studiorum
1145 793 1253 837 hanc
1283 793 1406 838 nobis
1434 794 1546 838 viam
1577 793 1769 849 reliquit:
1805 805 1857 839 ea

270 861 526 926 praebebat,
562 874 673 917 quae
703 861 872 905 sibimet
901 861 984 915 ipsi
1014 861 1067 904 ad
1097 862 1376 905 erudiendum
1407 863 1766 918 excolendumque
1795 862 1859 907 in·

271 931 443 986 genium
473 931 675 985 elegerat.
733 930 803 974 Ita
832 931 869 974 si
909 942 992 974 non
1022 931 1218 977 ιιιιιιιιιιιι
1243 930 1424 974 dissidet
1463 931 1518 975 ab
1552 931 1605 974 iis
1637 931 1854 986 scriptori—

269 999 371 1069 bus,
416 1006 523 1055 quos
553 999 598 1043 in
626 998 889 1054 praefatione
927 998 1137 1042 incusavit
1167 997 1202 1053 ς
1239 997 1303 1046 11,
1335 999 1407 1053 qui
1438 998 1624 1054 undique
1654 1001 1770 1054 quae
1793 985 1854 1043 le-

268 1057 461 1122 gentium
490 1067 653 1109 animos
683 1060 963 1119 delectarent,
1011 1066 1239 1109 corradere
1278 1065 1489 1119 solerent,
1532 1070 1615 1110 non
1654 1069 1771 1111 certe
1796 1063 1854 1111 ab

270 1124 422 1180 eodem
451 1125 669 1189 profectus
710 1136 778 1177 est
816 1134 951 1177 initio.
1010 1133 1169 1177 Noster
1207 1134 1318 1178 enim
1360 1142 1488 1188 quum
1519 1140 1644 1178 suum
1672 1138 1856 1179 commo·

269 1195 369 1247 dum
401 1205 638 1258 spectaret,
669 1205 753 1246 non
783 1183 942 1258 solum,
973 1214 1084 1258 quae
1112 1201 1282 1258 legendi
1313 1203 1498 1258 aliquam
1527 1201 1735 1248 haberent
1761 1197 1852 1248 isse

267 1270 458 1325 cebram,
490 1270 567 1316 sed
597 1272 780 1316 maxime
810 1270 939 1315 etiam
971 1283 1081 1326 quae
1110 1270 1302 1316 liberalis
1332 1275 1462 1327 atque
1493 1272 1684 1317 sincerae
1714 1267 1854 1318 erudi*-

265 1340 395 1385 tionis
433 1339 561 1395 pl‘ena
599 1341 862 1395 viderentur,
908 1340 1169 1385 attrectavit.
1240 1340 1359 1393 Quae
1389 1333 1616 1396 postquam
1653 1340 1851 1396 cognovit

264 1405 390 1454 etiam
421 1409 518 1453 aliis
555 1408 732 1464 accepta
769 1408 917 1453 futura
958 1421 1079 1465 esse,
1119 1409 1264 1453 edidit.
1337 1408 1486 1464 Neque
1525 1405 1670 1464 igitur>
1695 1409 1849 1462 mirum

262 1478 459 1539 cuiquam
496 1477 723 1534 videbitur,
768 1477 953 1522 Gellium
994 1477 1202 1533 quosdam
1247 1480 1472 1528 auctores,
1514 1480 1564 1522 ut
1596 1478 1846 1534 Varronem,

260 1536 479 1602 Nigidium
508 1546 708 1603 Figulum
739 1546 846 1591 alios
877 1546 1035 1602 insigni
1065 1559 1210 1591 amore
1241 1549 1285 1591 et
1315 1546 1458 1590 studio
1479 1546 1721 1602 amplexum
1740 1552 1850 1604 esse,

259 1608 366 1660 alios
396 1617 506 1661 adeo
538 1620 830 1671 aspernatum,
861 1620 911 1659 ut
940 1615 1112 1660 silentio
1140 1620 1368 1671 premeret.
1428 1616 1568 1669 Quid?
1597 1617 1716 1673 quod
1746 1616 1852 1662 Cor-

259 1681 363 1729 nelii
393 1678 555 1740 Taciti,
596 1685 871 1740 Quintiliani,
912 1689 960 1728 ut
991 1685 1098 1728 alios
1137 1685 1331 1728 omittam
1353 1684 1397 1740 ¹),
1435 1686 1480 1728 in
1511 1685 1651 1730 Gellio
1681 1698 1736 1730 ne
1765 1690 1850 1731 una

258 1753 431 1808 quidem
470 1753 631 1808 legitur
670 1754 834 1803 littera,
867 1751 1000 1796 Plinii
1030 1756 1180 1797 contra
1229 1766 1313 1796 non
1342 1752 1467 1808 longe
1496 1754 1583 1798 illis
1614 1749 1849 1810 superioris

256 1821 355 1876 plus
392 1821 525 1866 semel
554 1823 713 1866 mentio
744 1822 805 1867 fit.
866 1823 948 1874 Qui
978 1826 1122 1866 autem
1153 1823 1386 1876 scriptores
1417 1822 1555 1867 Gellio
1586 1815 1848 1879 arridebant,

256 1892 333 1935 eos
373 1891 436 1935 sic
474 1891 519 1934 in
559 1904 684 1935 usum
729 1904 854 1935 suum
899 1893 1130 1946 convertit,
1174 1897 1235 1934 ‘ut
1273 1892 1318 1935 in
1357 1891 1536 1946 legendo
1582 1891 1848 1947 excerperet.

258 1950 443 2004 Tantum
474 1960 587 2005 enim
616 1960 781 2015 aberat,
813 1965 862 2005 ut
890 1965 1066 2015 accepta
1095 1960 1150 2005 ab
1181 1960 1277 2005 aliis
1308 1960 1470 2005 diutius
1499 1964 1644 2005 mente
1675 1953 1850 2006 versata

253 2022 476 2082 recoleret,
510 2041 813 2085 nonnunquam
843 2032 893 2073 ut
919 2030 1082 2073 intacta
1111 2041 1288 2084 prorsus
1328 2029 1547 2084 redderet,
1590 2029 1849 2085 saepissime

250 2092 493 2140 sententiae
533 2097 731 2153 integrae
771 2097 951 2142 formam
998 2101 1166 2142 tantum
1205 2099 1473 2153 speciemque
1514 2101 1738 2143 externam
1769 2100 1846 2143 iro-

249 2163 385 2208 varet.
437 2165 508 2210 Sic
537 2166 649 2220 quae
679 2165 778 2209 stilo
809 2165 938 2219 digna
968 2167 1060 2210 visa
1090 2169 1225 2220 erant,
1257 2176 1342 2220 quo
1381 2166 1530 2210 ordine
1572 2169 1847 2222 excerpserat

251 2232 402 2277 eodem
440 2233 594 2289 postea
633 2246 765 2290 quum
802 2234 846 2278 in
882 2233 1079 2278 volumen
1120 2233 1334 2289 quoddam
1377 2233 1614 2290 redigeret,
1655 2231 1850 2292 reliquit

249 2288 310 2345 Ει
348 2298 417 2346 hic
457 2306 527 2346 est
564 2302 669 2346 ordo
705 2302 788 2346 ille
818 2301 1044 2356 fortuitus,
1091 2309 1218 2358 quem
1258 2302 1301 2345 ιιι
1346 2301 1477 2358 praef.
1518 2300 1553 2357 ξ.
1585 2300 1611 2343 2
1643 2305 1845 2349 excusat:

252 2361 361 2434 „Usi
391 2374 538 2415 autem
569 2384 717 2416 sumus
742 2372 891 2416 ordine
916 2374 1058 2416 rerum
1088 2371 1282 2460 fortuito,
1313 2384 1439 2427 quem
1470 2371 1599 2419 antea
1631 2372 1676 2416 in
1702 2373 1849 2418 excer-

248 2403 390 2492 pendo
420 2439 663 2493 feceramus
676 2432 726 2495 2).
727 2434 753 2460 ‘¹

249 2621 351 2668 18Βο
391 2567 419 2618 1)
460 2575 586 2613 Plures
618 2576 840 2613 enumeravit
876 2575 992 2622 Vogel
1031 2576 1076 2614 de
1108 2577 1153 2612 A.
1187 2576 1294 2614 Gellii
1327 2577 1403 2614 vita
1431 2567 1625 2614 etc.P1'o

376 2624 549 2732 bbssgmo
571 2699 720 2734 prorsus
744 2690 899 2727 eundem
923 2691 1097 2727 mansisse
1122 2690 1284 2727 ordinem
1308 2690 1539 2737 contendere,
1563 2690 1629 2728 sed
1651 2659 1844 2731 ntzel-nti
1898 2721 1900 2723 -

257 2742 374 2782 fflfflta
409 2746 463 2781 ita
496 2745 609 2781 etiam
641 2746 817 2791 quaedam
847 2747 1027 2783 immutati
1058 2747 1211 2793 vestigia
1233 2747 1473 2784 inveniuntur
1521 2748 1575 2786 Cf.
1599 2746 1844 2799 Mercklinum

245 2802 311 2840 .1.
348 2803 416 2839 705
442 2812 524 2848 sqq.
551 2802 633 2839 coll.
656 2813 694 2848 p.
719 2803 787 2839 664
809 2813 863 2848 sq.
902 2803 970 2848 Qui
984 2807 1115 2849 parum
1129 2801 1215 2842 fidei
1227 2798 1371 2843 habuit
1377 2804 1483 2843 Genii
1496 2806 1716 2855 teanum,
1724 2811 1845 2855 ιμ’-ιι

1651 2572 1931 2616 ezram.
