2098 3261
938 96 1228 141 ...40-

286 220 605 272 commemorat,
637 216 750 272 quod
781 216 825 260 in
855 219 1003 260 nostro
1033 217 1208 270 propter
1238 214 1377 268 ipsum
1408 212 1522 257 illius
1543 223 1733 257 amorem
1760 211 1875 269 iuste

287 287 502 331 miramur.
563 285 632 329 Ita
668 296 762 328 cum
801 283 1106 339 probabilitate
1136 284 1318 326 maxima
1347 281 1518 335 Lipsius
1549 280 1654 324 Var.
1685 280 1783 324 lect.
1801 262 1876 324 ,111

289 354 337 395 21
375 354 568 398 restituit
592 352 866 406 „Varronis“.
916 352 1056 395 Huius
1088 348 1408 405 epistulicarum
1438 348 1740 404 quaestionum
1813 350 1877 390 v'er

290 425 472 478 quartus
504 434 529 465 a
559 419 697 465 Gellio
729 420 887 465 citatur
917 419 1018 464 XIV
1047 423 1087 474 7,
1119 418 1165 473 33
1198 416 1237 471 8,
1271 418 1312 463 2.
1351 418 1470 462 Inter
1498 417 1740 472 fragmenta
1756 414 1766 431 ”
1806 426 1874 461 ar·

289 491 466 535 roniana
504 488 617 533 hunc
656 488 794 533 locum
824 489 999 547 *recepit
1038 487 1138 532 edit.
1200 487 1371 541 Bipont.
1413 500 1451 541 p.
1491 484 1584 541 194,
1622 484 1678 529 cf.
1767 481 1879 527 tscbl

296 559 353 601 M.
385 558 466 602 Rh.
497 558 558 601 VI
589 556 690 613 538,
720 561 808 601 not.
848 551 880 606 1,
911 556 1077 601 Jordan
1109 556 1201 599 Cat.
1232 555 1321 599 rell.
1354 568 1393 610 p.
1425 555 1576 599 CVIII.
1607 566 1672 609 sq.

887 674 933 721 6.
1005 673 1060 719 L.
1097 673 1281 720 Accius,

428 761 585 807 Tribus
615 761 723 806 locis
753 762 802 804 L.
827 762 979 805 Accius
1010 764 1140 816 poeta
1170 764 1374 815 tanquam
1404 764 1554 805 auctor
1575 760 1877 815 grammaticus

294 830 502 884 occurrit,
540 841 619 873 nec
655 832 798 873 tamen
835 832 1005 883 auctor,
1047 829 1194 882 credo,
1237 829 1329 882 ipse
1365 828 1446 872 fuit
1482 828 1559 873 sed
1588 840 1670 884 per
1698 828 1878 881 alterum

296 897 437 942 Gellio
467 898 684 942 laudatus,
744 897 933 950 Quorum
964 910 1095 941 unum
1128 898 1179 940 de
1221 900 1363 940 aetate
1395 897 1572 941 Homeri
1603 890 1878 966 quaerentem

283 968 350 1012 III
388 967 460 1020 11,
507 973 530 1009 4
574 980 626 1011 ex
667 968 843 1011 consilio
882 979 976 1011 meo
1017 968 1073 1010 ad
1113 967 1318 1010 historica
1358 979 1551 1010 reservo:
1597 967 1652 1011 ad
1691 967 1879 1021 reliquos

283 1048 401 1080 nunc
445 1035 549 1079 mihi
594 1035 909 1089 respiciendum
957 1038 1037 1079 est.
1096 1033 1230 1089 1113,
1277 1035 1291 1075 1
1336 1038 1612 1079 enumeratur
1650 1035 1763 1079 inter
1792 1045 1879 1089 eos,

284 1106 359 1159 qui
407 1104 570 1148 indices
616 1103 932 1147 comoediarum
978 1103 1120 1146 Plauti
1166 1107 1509 1156 composuerunt.
1576 1103 1693 1155 Quos
1734 1114 1880 1146 omnes

283 1174 348 1216 ita
379 1172 528 1216 laudat
559 1170 739 1225 GelliuS‚
772 1176 822 1215 ut
852 1172 1006 1215 leviter
1039 1175 1163 1214 notos
1196 1171 1382 1214 fortasse
1414 1173 1466 1226 ci,
1498 1175 1614 1215 certe
1635 1183 1718 1215 non
1749 1170 1881 1215 lectos

282 1242 419 1285 fuisse
449 1242 673 1294 appareat.
734 1239 849 1283 Accii
880 1252 983 1282 vero
1016 1240 1150 1283 nostri
1182 1240 1374 1293 indicem,
1408 1252 1536 1294 quum
1568 1240 1758 1283 eiusdem
1788 1252 1884 1283 ver-

286 1322 360 1353 sus
403 1312 552 1353 nostro
595 1309 736 1363 capite
774 1307 798 1364 ξ
839 1306 865 1350 9
906 1308 1070 1353 laudati
1108 1309 1243 1352 Gellio
1286 1323 1311 1352 a
1353 1309 1546 1353 Varrone
1585 1309 1735 1353 traditi
1781 1310 1881 1367 sint,

287 1380 470 1432 apparet
499 1377 543 1419 in
574 1377 724 1420 eadem
754 1377 999 1421 condicione
1028 1389 1138 1420 esse.
1198 1376 1315 1420 Nihil
1354 1377 1464 1420 enim
1503 1376 1768 1431 probabilius
1800 1381 1880 1428 est,

288 1458 416 1501 quam
440 1445 534 1500 hos,
573 1445 646 1499 qui
683 1445 736 1488 de
767 1445 924 1499 spuriis
955 1446 1186 1489 comoediis
1217 1449 1348 1499 agant
1380 1445 1517 1489 Plauti
1549 1445 1719 1490 nomine
1748 1445 1879 1501 vulgo

286 1514 527 1569 inscriptiS‚
575 1527 626 1558 ex
664 1514 757 1568 ipso
798 1514 936 1558 indice
976 1517 1141 1558 sumtos
1183 1527 1290 1558 esse.
1357 1515 1421 1558 Ne
1464 1507 1606 1558 tamen
1645 1514 1698 1558 de
1738 1515 1878 1559 indice

287 1583 430 1627 Plauti
460 1582 703 1626 fabularum
725 1585 927 1637 tanquam
950 1582 1157 1638 singulari
1188 1583 1297 1627 libro
1329 1584 1513 1638 cogites:
1547 1583 1662 1628 aliud
1694 1583 1878 1637 probare

287 1652 458 1695 videtur
489 1651 572 1694 loci
603 1663 736 1705 supra
766 1651 869 1694 dicti
899 1651 1147 1700 similitudo,
1188 1652 1251 1694 III
1288 1651 1349 1704 11,
1383 1649 1422 1695 4.
1481 1651 1560 1703 Qui
1593 1663 1723 1706 quum
1754 1664 1882 1707 argu-

288 1722 432 1762 mento
464 1719 615 1761 similis
647 1719 705 1761 sit
734 1721 903 1770 nostr0‚
944 1731 1084 1773 neque
1115 1719 1252 1762 minus
1284 1732 1309 1764 a
1341 1719 1533 1763 Varrone
1562 1718 1762 1763 videatur
1791 1720 1881 1764 lau-

289 1788 417 1832 datus
458 1786 616 1842 fuisse,
662 1788 735 1841 qui
766 1788 994 1831 maximam
1023 1789 1172 1842 utique
1202 1789 1354 1842 capitis
1391 1791 1557 1842 partem
1588 1787 1728 1831 Gellio
1758 1801 1882 1843 prae-

288 1856 417 1900 bebat
456 1859 500 1899 et
538 1857 593 1899 ad
624 1857 800 1900 Accium
839 1857 1030 1911 respexit
1060 1857 1130 1912 (cf.
1163 1857 1185 1912 ἓ
1219 1857 1286 1911 2),
1333 1860 1500 1900 sumtus
1543 1859 1609 1900 est
1651 1870 1704 1900 ex
1743 1857 1880 1911 primo

289 1925 644 1969 didascalicorum
673 1925 801 1969 Accii.
852 1925 919 1969 Ad
949 1925 1122 1969 eosdem
1151 1927 1285 1980 igitur
1312 1925 1445 1969 libros
1476 1928 1519 1969 et
1548 1937 1698 1969 versus
1730 1928 1880 1969 nostro

290 1993 386 2038 loco
419 1997 475 2048 et,
507 1994 621 2049 quod
651 1993 764 2038 idem
796 1997 874 2047 est,
909 1993 1089 2038 indicem
1120 1995 1260 2038 Plauti
1291 2006 1494 2038 revocare
1525 1993 1683 2038 licebit.

656 2111 701 2157 7.
776 2110 830 2170 Q.
869 2111 1057 2159 Mucius
1097 2111 1323 2159 Scaevola
1359 2110 1410 2157 P.
1449 2110 1515 2158 M.

429 2198 661 2243 Scaevolae
691 2200 871 2253 auguris
900 2199 1013 2243 filius
1043 2199 1124 2253 hic,
1156 2200 1354 2254 egregius
1385 2199 1713 2254 iureconsultuS‚
1744 2199 1882 2254 ponti-

294 2267 364 2312 fex
394 2267 617 2321 maximus‚
650 2280 734 2311 cos.
764 2280 801 2312 a.
834 2267 919 2312 659
950 2269 1003 2312 ab
1038 2282 1075 2312 u.
1108 2282 1143 2313 c.

427 2337 554 2380 Hunc
593 2338 770 2391 saepius
810 2341 1027 2382 auctorem
1073 2338 1238 2381 Gellius
1279 2338 1428 2382 laudat
1471 2338 1516 2381 in
1552 2337 1680 2381 rebus
1719 2337 1775 2380 ad
1814 2337 1882 2381 ius

293 2405 618 2460 pertinentibus,
651 2418 736 2449 uno
769 2408 899 2450 etiam
930 2408 1023 2451 loco
1045 2407 1222 2461 XVII-7,
1255 2405 1294 2462 3,
1315 2419 1442 2462 quem
1462 2410 1640 2461 propter
1660 2406 1881 2461 Nigidium

293 2474 496 2527 Figulum
528 2476 746 2516 auctorem
777 2487 889 2518 nunc
909 2475 1153 2519 recensebo.
1193 2475 1258 2519 De
1290 2487 1375 2529 quo
1405 2475 1605 2518 iudicium
1636 2487 1769 2528 supra
1798 2474 1883 2518 iam

287 2542 448 2586 iactum
491 2544 557 2584 est
598 2540 858 2598 ἀποφατικόν
899 2557 941 2598 p.
973 2541 1011 2586 8.
1073 2543 1253 2587 Omnino
1285 2543 1397 2587 enim
1428 2542 1474 2595 Q.
1506 2543 1734 2587 Scaevolae
1761 2542 1883 2587 libris

290 2623 375 2654 non
422 2622 525 2653 usus
572 2622 667 2654 esse
711 2612 881 2656 videtur
927 2613 1107 2657 Gellius.
1166 2614 1310 2668 Atque
1346 2612 1391 2654 in
1427 2612 1602 2666 reliquis
1635 2611 1741 2655 locis
1771 2623 1884 2656 nunc

293 2678 514 2724 Dirksenii
544 2690 613 2722 me
643 2681 769 2724 tueor
799 2682 1072 2736 auctoritate,
1117 2682 1144 2726 1.
1175 2681 1202 2726 l.
1233 2694 1274 2736 p.
1306 2678 1360 2723 30
1390 2679 1485 2725 coll.
1517 2693 1613 2725 cum
1643 2684 1745 2725 nota
1778 2675 1884 2739 103;

289 2752 452 2801 nostro>
472 2751 619 2793 autem
649 2747 743 2793 loco
774 2750 888 2794 idem
918 2751 1092 2806 probari
1124 2751 1280 2806 exiguo
1310 2748 1457 2793 labore
1477 2749 1650 2803 poterit.
1693 2749 1884 2796 Primum
