2098 3256
869 122 1156 166 -41-

222 238 386 297 Gellius
428 255 511 286 non
541 242 706 287 addidit
734 240 889 285 librum
918 239 1168 294 Scaevolae,
1213 239 1363 284 deinde
1393 237 1589 292 Nigidius
1631 237 1670 280 ei
1707 236 1800 281 sine

146 353 151 357 .
182 357 186 361 ,
222 309 352 354 dubio
398 313 498 354 ante
542 311 687 355 oculos
726 309 809 353 fuit
845 309 924 353 hoc
967 308 1059 352 loco
1105 312 1149 351 et
1188 309 1384 362 princeps
1425 308 1576 350 auctor
1621 303 1799 347 exstitit.

39 382 45 386 '
126 408 130 412 -
221 377 333 436 Eum
361 391 462 423 vero
492 378 547 422 ad
567 378 772 423 Jctorum
802 376 1133 421 controversiam
1164 389 1189 419 a
1211 376 1414 420 Scaevola
1442 373 1672 419 memoriae
1700 384 1800 427 pro-

222 446 354 492 ditam
384 447 621 503 respexisse
651 446 841 491 ostendit
871 445 1035 490 Gellius
1066 444 1089 501 ξ
1120 443 1168 488 3:
1223 444 1382 499 „Super
1418 442 1685 487 dubitatione
1719 441 1801 486 hac

228 527 398 571 „eorum
428 513 636 570 scripsit.“
696 515 764 558 Ita
801 525 1165 569 supervacaneum
1208 512 1387 567 ideoque
1428 510 1707 567 improbabile
1737 510 1800 553 vi-

222 583 360 640 detur,
391 585 572 629 alterum
601 586 773 643 praeter
801 583 1018 639 Nigidium
1047 581 1207 627 fontem
1237 584 1440 626 statuere.

736 701 784 749 8.
853 698 907 747 L.
934 698 1108 747 -Aelius
1146 698 1277 747 Stilo.

364 788 426 833 Cf.
458 789 630 834 Sueton.
663 789 702 833 d.
733 789 792 833 ill.
822 801 885 843 gr.
917 801 939 832 c
969 787 995 829 2
1027 791 1071 832 et
1101 787 1139 830 3.

359 858 623 914 Quamquam
661 870 835 912 vereor,
893 869 946 902 ne
991 857 1086 913 quis
1127 855 1278 914 σκέψιν
1318 869 1456 901 meam
1493 854 1794 911 reprehendat,

223 930 365 971 tamen
408 926 519 970 hunc
564 939 732 982 quoque
777 925 1027 970 sollicitabo.
1087 925 1183 970 Uno
1214 938 1318 970 sane
1347 925 1440 969 loco
1470 925 1571 969 XVI
1600 923 1646 979 8,
1690 922 1716 964 2
1747 924 1800 967 de

224 995 345 1039 Aelio
378 994 568 1049 inspecto
600 994 787 1038 dubitari
817 994 887 1037 vix
917 993 1098 1049 poterit:
1149 996 1237 1037 tam
1269 994 1477 1038 disertum
1507 997 1652 1038 noster
1681 992 1802 1037 testi-

224 1063 411 1119 monium
441 1062 587 1111 edidit,
645 1062 728 1106 Sed
760 1062 813 1105 de
845 1074 896 1105 eo
927 1063 1236 1116 quaestionem,
1282 1062 1335 1105 ad
1366 1061 1678 1116 philosophiam
1708 1073 1802 1120 per-

222 1131 451 1184 tinentem,
494 1143 605 1175 nunc
643 1143 728 1174 non
768 1142 931 1175 moveo.
989 1130 1070 1183 Qui
1101 1134 1244 1175 antem
1281 1131 1334 1174 ad
1365 1131 1674 1186 grammaticen
1704 1142 1798 1183 spe-

223 1202 341 1243 ctant
369 1199 463 1254 loci,
493 1200 554 1242 ita
584 1203 684 1243 sunt
714 1201 960 1252 comparati,
991 1201 1145 1253 partim
1174 1203 1223 1243 ut
1244 1200 1409 1254 debeat,
1439 1200 1597 1254 partim
1626 1202 1675 1243 ut
1703 1210 1802 1253 pos-

223 1268 283 1312 sit
312 1280 364 1312 ex
394 1267 534 1312 altero
565 1268 749 1313 derivari
779 1268 889 1312 Aelii
919 1268 1091 1312 mentio.
1141 1268 1163 1312 Ι
1199 1266 1262 1324 18,
1293 1267 1317 1309 2
1350 1272 1394 1312 et
1423 1268 1462 1312 X
1492 1267 1561 1322 21,
1591 1266 1618 1309 2
1649 1280 1675 1311 a
1694 1268 1801 1311 Var-

224 1349 328 1380 rone
371 1341 746 1392 commemoratur,
803 1338 923 1381 cuius
969 1339 1065 1392 ipsa
1107 1338 1238 1381 verba
1283 1336 1451 1381 Gellius
1493 1336 1802 1390 transscripsit.

224 1405 307 1449 XII
336 1403 376 1460 4,
406 1405 431 1447 5
462 1405 555 1459 ipsa
594 1405 807 1449 laudatio:
862 1405 936 1454 „L.
980 1405 1148 1449 Aelium
1193 1405 1401 1449 Stilonem
1444 1405 1586 1449 dicere
1631 1405 1804 1448 solitum

229 1473 417 1529 „feruut“
452 1474 633 1519 alterum
662 1474 821 1534 fontem
851 1475 1024 1519 indicat.
1055 1474 1105 1519 cf.
1139 1474 1247 1519 infra
1277 1475 1330 1519 ad
1361 1475 1596 1519 Varronem
1625 1473 1664 1517 d.
1689 1476 1800 1528 poet.

223 1544 415 1598 Utroque
456 1545 597 1598 priore
634 1545 727 1588 loco
766 1557 793 1587 a
822 1544 1015 1588 Varrone
1055 1545 1235 1599 citatur,
1284 1545 1375 1587 eius
1421 1543 1643 1598 discipulo,
1675 1553 1803 1597 quem

223 1613 472 1667 saepissime
527 1613 640 1656 illius
690 1613 946 1656 auctoritate
998 1612 1078 1656 niti
1133 1616 1278 1656 notum
1336 1615 1414 1656 est.
1494 1612 1601 1655 Vide
1651 1611 1710 1654 sis
1761 1610 1800 1652 d.

223 1680 323 1734 ling.
355 1681 427 1724 lat.
458 1681 497 1724 V
527 1680 550 1735 ξ
588 1680 657 1734 18,
701 1682 773 1734 21,
817 1680 884 1724 25.
944 1680 1060 1733 Ergo
1092 1681 1163 1724 ubi
1194 1682 1307 1734 apud
1339 1679 1521 1724 Gellium
1552 1680 1802 1724 coniunctus

223 1761 318 1792 cum
348 1747 540 1792 Varrone
572 1748 720 1792 obvius
757 1748 909 1803 fuerit,
955 1749 1108 1792 merito
1149 1761 1245 1792 eum
1284 1748 1338 1792 ab
1378 1748 1504 1791 huius
1545 1747 1802 1792 testimoniis

223 1820 488 1870 repetemus,
548 1817 681 1859 veluti
725 1816 769 1860 II
813 1814 888 1871 21,
939 1814 967 1856 8
1008 1816 1075 1866 (cf.
1121 1817 1175 1860 ad
1220 1818 1455 1860 Varronem
1500 1816 1538 1859 d.
1582 1816 1610 1859 l.
1656 1815 1700 1870 l.)
1762 1819 1806 1858 et

169 1943 175 1947 ι
223 1885 289 1929 III
320 1883 360 1940 3,
396 1884 469 1941 1‘3,
510 1885 622 1940 quod
652 1888 792 1929 totum
821 1888 950 1941 caput
978 1886 1159 1930 Varroni
1191 1886 1483 1941 assignabitur
1513 1899 1554 1940 p.
1588 1883 1659 1928 73.
1719 1885 1804 1928 Eo-

224 1954 320 1998 dem
350 1957 494 1998 autem
525 1954 665 2008 capite
694 1955 737 1997 in
767 1954 833 1997 his
865 1958 1158 2010 enumeratur,
1196 1956 1269 2010 qui
1299 1955 1460 1998 indices
1492 1954 1714 1998 Plautinos
1744 1952 1805 1996 fe-

218 2023 382 2076 'cerint3
429 2022 482 2066 de
519 2022 674 2077 quibus
711 2023 765 2066 ad
805 2023 979 2067 Accium
1010 2023 1107 2068 dixi.
1168 2024 1390 2067 Postremo
1422 2026 1565 2066 autem
1597 2022 1635 2066 V
1665 2020 1734 2076 21,
1766 2019 1806 2071 6,

225 2091 298 2135 ubi
342 2091 457 2135 inter
501 2091 815 2146 subscriptores
855 2092 1018 2136 formae
1061 2090 1341 2146 „compluria“
1377 2092 1426 2134 L.
1459 2091 1608 2135 Aelius
1651 2093 1806 2144 exstat,

228 2172 326 2203 eum
355 2172 381 2204 a
401 2159 545 2205 Sinnio
568 2159 775 2214 Capitone
796 2160 1017 2205 laudatum
1045 2160 1178 2205 fuisse
1209 2160 1429 2215 probabile
1462 2162 1541 2203 est.
1584 2157 1647 2203 cf.
1670 2158 1806 2202 Hertz

228 2227 344 2272 Sinn.
376 2227 478 2282 Cap.
508 2241 549 2282 p.
586 2227 650 2268 12.

738 2345 784 2393 9.
847 2345 1070 2394 Aurelius
1108 2344 1304 2407 Opilius.

362 2433 425 2479 Of.
457 2434 631 2479 Sueton.
663 2435 700 2478 d.
733 2435 787 2478 ill.
820 2448 883 2489 gr.
914 2448 949 2479 c.
983 2433 1022 2479 6.

365 2503 471 2546 Eius
494 2503 805 2546 comoediarum
826 2504 1120 2547 Plautinarum
1140 2504 1266 2547 index
1281 2503 1483 2546 laudatur
1512 2504 1577 2547 111
1598 2502 1637 2558 3,
1674 2505 1707 2554 1,
1739 2505 1813 2560 qui

205 2571 338 2619 ,idem
378 2584 475 2615 esse
513 2572 682 2616 videtur
711 2585 762 2615 ac
792 2573 922 2624 pinax
962 2586 988 2615 a
1027 2573 1230 2616 Suetonio
1267 2571 1292 2613 l.
1325 2585 1359 2615 c.
1393 2577 1668 2617 memoratus.
1730 2573 1812 2617 Sed

226 2637 395 2683 Gellius
426 2652 480 2682 an
512 2652 564 2683 eo
594 2640 702 2684 libro
724 2653 827 2684 usus
848 2641 917 2694 sit,
949 2644 998 2683 ut
1027 2642 1070 2683 in
1102 2640 1278 2695 reliquis
1309 2640 1495 2684 indicum
1516 2641 1795 2696 scriptoribus

182 2755 184 2758 .
225 2710 269 2754 in
299 2708 472 2752 Aurelio
494 2722 666 2765 quoque
695 2709 844 2754 dubito
865 2710 1103 2754 admodum.
1162 2710 1307 2754 Minus
1336 2709 1461 2755 facile
1486 2711 1687 2755 iudicium
1718 2692 1814 2754 erit'

227 2777 281 2821 de
310 2775 446 2821 altero
477 2777 570 2820 loco
601 2778 623 2820 I
653 2776 721 2833 25,
750 2776 814 2832 19,
844 2778 917 2821 ubi
947 2790 1028 2833 „ex
1047 2778 1182 2833 primo
1212 2777 1433 2834 librorum,
1463 2791 1570 2834 quos
1590 2779 1811 2824 Musarum
