2098 3256
812 164 1098 212 ,35-

163 283 343 338 Ηοιιίιιε,
388 283 489 327 licet
517 295 612 327 cum
642 281 783 326 Gellio
815 281 1085 336 aliquatenus
1116 280 1324 336 concinat,
1363 278 1493 323 alium
1524 279 1745 322 auctorem

165 355 337 402 secutus
379 355 457 397 est.
518 352 707 405 Quorum
736 349 942 395 ambitum
970 349 1100 394 latius
1130 354 1233 404 puto
1264 352 1432 404 patere,
1481 360 1610 402 quam
1639 347 1747 391 Ger-

164 421 331 466 lachius
369 422 558 474 censuit;
604 420 677 474 qui
722 419 874 462 vellem
918 418 1132 462 interdum
1175 417 1522 471 circumspectius
1567 416 1745 471 egisset.

165 489 410 538 Exemisset
439 489 563 542 enim,
594 487 735 539 crede,
782 500 834 531 ex
863 499 1039 530 numero
1070 500 1228 541 eorum,
1269 499 1379 541 quae
1407 485 1449 528 in
1481 484 1747 539 praefatione

168 556 307 603 Gellio
330 555 588 609 vindicabat,
620 556 657 598 si
687 567 778 598 rem
806 554 957 598 melius
978 555 1304 609 considerasset,
1334 566 1465 598 unum
1485 557 1529 597 et
1548 553 1746 598 alterum.

307 670 504 715 Occurrit
534 682 598 714 ex.
628 682 689 723 gr.
726 669 939 724 „cisium“.
1000 670 1164 713 Nonius
1196 682 1236 723 p.
1257 668 1308 710 61
1343 682 1381 712 a.
1413 681 1444 711 s.
1474 668 1514 711 h.
1544 681 1583 712 v.
1613 667 1745 711 haec:

176 738 362 798 „Oisium
390 738 573 783 vehiculi
604 738 733 782 biroti
761 750 931 793 genus.¹
969 738 1026 781 M.
1057 731 1221 782 Tullius
1251 737 1437 791 Philippi
1466 736 1494 781 l.
1523 736 1588 780 II:
1634 735 1747 780 dele-

176 808 262 863 ¹,vit
289 808 333 852 in
364 807 546 862 quadam
577 819 769 861 caupona
799 805 914 850 rell.“
986 806 1036 851 In
1080 807 1192 850 notis
1236 805 1407 860 delegat
1444 817 1523 848 nos
1563 803 1749 848 Gerlach

7 870 9 872 ’
62 870 91 934 '¹
171 875 225 920 ad
256 875 365 918 Gell.
395 875 456 917 VI
491 874 554 928 11,
584 872 624 915 6.
682 874 767 917 Ubi
791 874 907 917 -idem
938 874 1056 918 locus
1087 873 1304 917 Ciceronis
1335 872 1534 928 occurrit,
1564 873 1640 917 sed
1661 885 1749 917 me-

169 942 266 989 dius
309 943 354 988 in
398 943 579 997 maiore,
640 956 765 998 quem
816 943 940 997 plane
983 942 1152 987 diverso
1197 942 1373 986 consilio
1419 945 1566 985 noster
1609 946 1750 985 trans·

169 1012 353 1068 scripsit.
412 1011 477 1055 De
506 1012 611 1056 cisio
643 1012 809 1055 omnino
849 1024 933 1056 non
963 1012 1169 1067 disputat.
1228 1011 1352 1055 Unde
1396 1013 1540 1055 autem
1583 1010 1748 1055 Nonius

170 1081 319 1128 cisium
353 1080 484 1130 biroti
522 1081 704 1124 vehiculi
742 1093 878 1134 genus
911 1081 1037 1124 esse?
1095 1080 1183 1124 Gur
1213 1093 1265 1123 ex
1296 1079 1433 1123 Gellio
1462 1079 1603 1123 locum
1633 1080 1749 1124 Cice-

169 1149 301 1204 ronis,
332 1148 478 1204 quidni
508 1148 561 1192 ab
592 1148 675 1192 alio
707 1149 903 1203 accepit?
964 1148 1048 1193 Sed
1077 1160 1147 1192 res
1179 1148 1274 1203 ipsa
1304 1147 1506 1203 loquitur.

308 1252 417 1295 Non.
448 1264 489 1306 p.
520 1250 575 1293 53
606 1251 645 1294 b.
678 1264 710 1295 s.
742 1265 780 1295 v.
812 1252 1007 1296 aedituor
1046 1251 1239 1296 conferas
1278 1264 1373 1296 cum
1404 1251 1543 1295 Gellio
1573 1251 1656 1295 XII
1687 1249 1748 1292 10.

172 1321 255 1366 Hic
292 1321 345 1365 de
381 1333 484 1365 voce
520 1320 745 1364 aeditimus
783 1321 974 1375 quaerit,
1021 1320 1044 1375 ἓ
1077 1319 1100 1362 7
1132 1321 1367 1374 exemplum
1399 1320 1519 1374 ponit
1549 1333 1601 1364 ex
1630 1321 1753 1364 Pom-

174 1390 289 1445 ponii
329 1389 516 1433 atellana
546 1389 771 1432 Aeditimo.
831 1390 896 1432 De
925 1388 1055 1432 verbo
1086 1392 1229 1433 autem
1267 1389 1529 1444 aeditumor,
1574 1389 1628 1433 de
1668 1400 1753 1443 quo

173 1458 354 1507 Nonius,
398 1457 503 1501 nihil
533 1457 623 1501 fere
652 1458 830 1511 addidit,
877 1459 913 1501 si
944 1461 1088 1502 autem
1119 1458 1430 1513 explicavisset‚
1460 1470 1558 1511 non,
1589 1461 1639 1501 ut
1668 1458 1754 1501 No-

177 1528 273 1570 nius
292 1527 397 1581 vult,
428 1540 481 1570 ex
512 1526 688 1569 aedibus
720 1529 763 1569 et
793 1529 916 1569 tueor
945 1526 1227 1578 compositum
1257 1526 1448 1580 dixisset,
1479 1527 1556 1569 sed
1576 1525 1753 1569 verbum

173 1594 367 1650 simplex.
425 1594 655 1638 Praeterea
684 1594 847 1638 Nonius
877 1593 1014 1638 locum
1045 1594 1266 1649 Pomponii
1306 1607 1389 1639 uno
1419 1606 1549 1639 versu
1579 1598 1751 1639 auctum

156 1662 376 1707 exhibuit.
437 1663 563 1706 Nulla
593 1663 725 1715 igitur
755 1663 985 1705 similitudo
1028 1663 1111 1705 nisi
1150 1665 1347 1715 externa3
1399 1665 1466 1716 ut,
1514 1675 1627 1717 quae
1671 1663 1754 1707 fuit

173 1731 301 1774 Nonii
345 1731 466 1785 larga
509 1731 689 1774 materia
732 1731 925 1784 variique
971 1733 1191 1786 auctoreS‚
1241 1743 1392 1785 parum
1422 1734 1542 1775 certa
1570 1731 1753 1786 vestigia

174 1800 399 1843 iudicanda
430 1800 514 1842 sint
544 1802 675 1853 atque
706 1799 843 1842 exilia.
903 1800 1066 1841 Eodem
1094 1800 1219 1842 modo
1261 1801 1373 1842 inter
1403 1799 1588 1842 Gellium
1617 1800 1697 1843 XV
1727 1799 1753 1842 9

174 1870 220 1911 et
247 1866 431 1910 Nonium
461 1878 502 1920 p.
538 1864 617 1906 138
646 1866 687 1909 b.
718 1878 751 1910 s.
782 1879 819 1909 v.
851 1866 1055 1909 Frontem
1099 1879 1251 1921 parnm
1288 1867 1515 1911 intercedit
1555 1868 1753 1912 similitu-

174 1934 299 1990 dinis,
344 1934 597 1978 Gerlachius
641 1939 783 1978 tamen
828 1938 871 1978 et
915 1935 996 1978 hoc
1039 1935 1131 1979 loco
1177 1939 1221 1979 et
1257 1936 1526 1979 antecedenti
1572 1935 1755 1980 Gellium

176 2006 393 2047 auctorem
423 2002 557 2046 fuisse
588 2007 744 2047 censet.
804 2004 885 2048 Hic
914 2004 1052 2047 tribus
1084 2004 1286 2058 exemplis
1325 2016 1418 2048 rem
1453 2003 1625 2060 probat,
1670 2005 1754 2050 No-

176 2072 272 2115 nius
302 2072 416 2115 inter
446 2072 633 2126 quinque
663 2073 749 2115 alia
779 2085 908 2115 unum
939 2073 1070 2116 etiam
1100 2073 1232 2116 habet
1261 2085 1419 2126 eorum,
1453 2086 1563 2128 quae
1593 2077 1754 2125 noster,

176 2153 255 2183 nec
284 2144 427 2183 tamen
456 2141 501 2182 in
540 2141 662 2184 initio
694 2152 832 2195 neque
874 2141 916 2183 in
947 2140 1029 2184 fine
1060 2142 1246 2196 positum
1277 2141 1353 2185 sed
1383 2141 1478 2186 aliis
1509 2142 1754 2189 immistum.

178 2209 415 2263 Adiungam
445 2211 590 2253 statim
620 2211 673 2253 de
703 2211 829 2252 simili
850 2209 978 2253 Gellii
997 2210 1103 2253 loco.
1143 2211 1247 2253 XIII
1267 2210 1335 2264 21,
1368 2223 1498 2265 quum
1517 2212 1569 2255 de
1589 2213 1756 2256 aurium

178 2277 334 2322 iudicio
365 2281 527 2333 ageret,
558 2278 671 2321 inter
699 2278 792 2325 illa,
824 2290 934 2332 quae
965 2282 1009 2321 et
1037 2279 1269 2322 masculino
1301 2282 1346 2322 et
1373 2278 1571 2322 feminino
1599 2292 1756 2335 genere

181 2344 449 2400 efferrentur,
480 2347 624 2400 posuit
653 2345 793 2399 finem,
824 2346 981 2399 funem,
1010 2360 1271 2400 cupressum,
1305 2347 1357 2389 de
1376 2347 1489 2389 fretu
1510 2347 1605 2401 (pro
1625 2348 1755 2398 freto)

176 2413 374 2469 deinceps
404 2412 496 2469 agit
526 2412 549 2469 ς
585 2412 647 2467 15,
680 2413 796 2457 etde
818 2414 1026 2458 similibus
1045 2418 1095 2458 ut
1113 2417 1303 2469 peccatu,
1335 2413 1559 2470 arbitratu,
1590 2416 1757 2461 tributu

180 2482 271 2527 rell.
322 2482 439 2527 Haec
469 2483 581 2527 inter
599 2482 734 2526 multa
765 2483 918 2526 similia
948 2483 1062 2537 apud
1082 2483 1268 2527 Nonium
1299 2496 1468 2536 quoque
1497 2484 1623 2528 obvia
1643 2490 1757 2539 sunt,

178 2550 232 2593 de
260 2549 355 2604 fine,
386 2549 500 2605 fune,
531 2549 643 2594 fretu
665 2550 864 2605 deinceps
894 2563 935 2605 p.
962 2548 1041 2591 138
1062 2550 1115 2605 b.,
1147 2551 1223 2594 sed
1252 2551 1297 2594 in
1326 2550 1468 2596 medio
1498 2552 1589 2596 solo
1619 2566 1758 2598 exem-

177 2618 293 2673 plum
323 2618 585 2674 Gellianum3
630 2631 667 2674 p.
705 2618 784 2661 132
814 2619 854 2663 b.
885 2632 919 2662 s.
949 2632 988 2663 v.
1020 2631 1248 2673 cupressus
1278 2619 1412 2675 idem,
1445 2621 1560 2675 quod
1591 2627 1753 2678 noster,

179 2685 306 2733 affert
350 2688 608 2744 exemplum3
658 2699 808 2733 rursus
845 2699 945 2732 vero
985 2699 1025 2742 p.
1059 2684 1139 2730 129
1172 2701 1210 2732 a.
1241 2700 1276 2733 s.
1306 2702 1345 2733 v.
1388 2688 1609 2735 arbitrium
1642 2696 1687 2736 et
1713 2705 1754 2747 p.

182 2755 265 2799 156
294 2769 334 2801 a.
365 2769 398 2801 S.
430 2769 468 2802 v.
501 2758 730 2812 tributum,
778 2768 907 2812 quum
952 2755 1115 2802 Gellius
1160 2755 1311 2803 harum
1355 2757 1590 2805 formarum
1633 2773 1758 2805 usum

179 2829 333 2881 tangat
361 2829 541 2882 tantum,
571 2827 735 2871 Nonius
767 2826 969 2881 exemplis
999 2827 1276 2872 demonstrat.
1334 2828 1404 2873 Ita
1433 2840 1598 2873 summo
1628 2841 1758 2885 opere

1480 2907 1521 2942 3.
