2098 3256
828 130 1114 193 ...65-

176 264 321 314 tamen
356 265 463 322 erit,
509 265 622 311 hunc
649 264 966 320 comparavisse
993 264 1170 310 librum:
1221 265 1431 322 siquidem
1475 262 1757 320 periculosius

163 329 259 393 sest,
297 335 354 380 ad
382 348 480 380 eum
509 335 739 389 epistulam
768 336 960 378 nostram
989 347 1206 392 revocare,
1250 335 1530 390 compositum
1558 332 1758 377 videlieet

157 401 344 449 'omnem
374 415 426 448 ex
455 401 664 458 epistulis
702 401 1013 447 Praeiudicium
1044 402 1097 446 de
1125 402 1206 447 hoe
1233 402 1326 447 loco
1355 402 1515 447 factum
1544 404 1612 446 est
1640 413 1682 455 p.
1704 399 1754 454 73

176 465 288 517 nuuc
313 470 417 515 mihi
446 471 571 515 video
613 469 918 526 disputandum
948 482 1045 515 esse
1075 476 1224 516 contra
1253 470 1545 517 Mercklinum.
1605 469 1754 514 Enim-

173 532 276 586 vero
306 550 437 597 quum
467 537 631 584 Gellius
660 541 832 595 praeter
861 539 1055 583 Asinium
1096 539 1275 584 obscure
1316 540 1444 584 etiam
1474 539 1582 585 alios
1613 538 1752 585 Sallu·

13 574 37 635 {ss
175 608 249 654 atii
281 607 615 663 reprehensores
650 608 913 651 laudaverit:
961 607 1033 661 „0.
1064 607 1213 651 Asinio
1244 607 1456 651 Pollioni.
1478 640 1488 651 .
1510 637 1521 648 .
1542 638 1553 651 .
1584 611 1629 652 et
1657 607 1753 664 ‘1¹15'

181 676 387 735 „busdam
415 677 512 723 aliis
543 676 590 722 C.
622 676 815 723 Sallustii
844 676 1001 732 iniquis
1031 676 1206 733 dignum
1236 680 1338 722 nota
1366 677 1505 721 visum
1536 675 1644 732 est“‚
1672 675 1752 720 hos

143 784 147 789 ,.
177 757 311 801 supra
339 748 416 789 aut
445 744 658 789 ubertatis
688 744 909 789 cuiusdam
928 744 1071 799 gratia
1100 745 1271 789 additos
1302 757 1399 789 esse
1429 747 1505 788 aut
1535 757 1586 788 ex
1607 744 1753 788 Asinio

173 812 407 859 unnshtos
443 812 652 865 iudicavi,
696 812 956 859 Mercklinus
997 816 1139 859 autem
1171 826 1210 870 p.
1241 811 1326 857 663
1356 825 1420 869 sq.
1456 813 1657 869 opinatus
1687 816 1756 858 est

120 913 123 915 —
174 886 348 939 praeter
375 882 570 926 Asinium
598 886 799 928 auctores
827 882 974 926 fuisse.
1035 882 1363 938 Circumspectis
1403 882 1536 938 igitur
1565 882 1662 926 aliis
1692 882 1753 925 lo-

96 1000 102 1003 ,
174 949 249 1006 cis,
278 949 351 995 ubi
378 949 698 1006 vituperaretur
728 951 971 1007 Sallustius,
1006 952 1050 995 in
1081 952 1300 996 Valerium
1330 951 1516 996 Probum
1547 951 1568 995 I
1604 949 1667 1006 15,
1701 949 1754 994 18

173 1022 219 1073 et
236 1018 286 1065 Τ.
306 1019 562 1066 Castricium
590 1021 634 1066 H
663 1020 731 1076 27,
764 1019 790 1062 3
819 1021 980 1075 incidit,
1011 1034 1172 1076 eosque
1200 1021 1334 1065 fuisse
1364 1020 1556 1065 Sallustii
1583 1020 1754 1074 iniquos

22 1057 47 1112 {⁷
101 1124 105 1128 ,
170 1086 267 1134 illos
296 1087 379 1134 sibi
407 1089 633 1145 persuasit.
692 1089 757 1134 Ad
786 1087 865 1134 hos
897 1088 1022 1134 simul
1051 1089 1299 1134 coniectura
1328 1090 1478 1134 retulit
1514 1101 1660 1133 omues
1690 1089 1751 1133 lo-

172 1166 271 1212 cos,
333 1156 573 1213 ubicunque
620 1157 814 1214 ⁸aliquam
862 1155 1235 1213 reprehensionem
1283 1157 1355 1201 ille
1403 1157 1518 1212 apud
1567 1156 1751 1202 Gellium

170 1222 323 1279 subiit,
366 1224 448 1269 XX
477 1224 527 1281 6,
577 1223 647 1280 14;
692 1225 797 1269 XIII
828 1223 905 1280 30,
951 1224 1002 1274 2,·
1047 1225 1100 1270 de
1140 1226 1269 1270 tertio
1313 1225 1425 1271 enim
1466 1224 1560 1271 loco
1596 1225 1659 1271 IV
1699 1223 1749 1269 15

169 1293 318 1339 statim
361 1294 511 1339 dicam.
570 1295 690 1340 Hanc
734 1307 819 1339 non
863 1294 998 1349 probo
1042 1295 1308 1339 coniectandi
1350 1295 1580 1339 licentiam.
1640 1294 1749 1339 Nam

168 1359 344 1408 dubium
371 1363 552 1407 maxime
582 1367 661 1417 est,
708 1376 763 1407 an
798 1362 1017 1418 ¹,quidam“
1052 1363 1126 1407 isti
1155 1376 1258 1407 vere
1288 1363 1432 1419 plures
1461 1363 1636 1419 fuerint,
1673 1375 1750 1409 ne·

169 1440 268 1484 que,
310 1430 347 1475 si
376 1423 515 1474 minus
545 1430 720 1475 dubium
749 1434 887 1480 esset,
932 1430 1166 1475 similitudo
1196 1431 1386 1475 locorum
1415 1435 1538 1475 tanta
1571 1435 1657 1482 est,
1703 1436 1752 1476 ut

168 1495 264 1551 iure
305 1499 562 1554 coniungere
604 1499 836 1545 videamur.
916 1499 1103 1544 Facilius
1155 1501 1369 1546 assentior
1412 1499 1649 1545 Mercklino
1695 1500 1751 1545 ad

167 1566 364 1618 Asinium
391 1570 611 1614 revocanti
640 1569 664 1613 l.
686 1570 747 1614 IV
774 1569 837 1625 15,
867 1582 950 1625 quo
981 1570 1035 1613 de
1065 1569 1158 1614 loco
1189 1570 1303 1614 ultro
1333 1569 1517 1614 feceram
1546 1570 1749 1614 iudicium

166 1635 316 1687 simila
361 1637 486 1683 Hunc
515 1639 626 1682 enim
656 1639 694 1682 si
724 1650 820 1683 cum
849 1639 985 1684 altero
1015 1639 1056 1683 X
1095 1637 1150 1681 26
1180 1638 1497 1693 contulerimus,
1528 1638 1644 1683 illico
1675 1650 1750 1694 ap—

165 1704 336 1760 parebit
364 1706 599 1751 similitudo
629 1708 823 1752 maxima.
872 1708 1067 1762 Utroque
1104 1711 1252 1751 noster
1281 1708 1528 1762 indignatur
1556 1707 1750 1761 petulan-

166 1771 272 1817 tiam
315 1773 495 1820 istorum
510 1809 521 1830 ,
573 1775 647 1830 qui
691 1775 843 1820 inscite
888 1778 932 1819 et
979 1774 1161 1831 maligne
1205 1774 1454 1820 Sallustium
1499 1775 1749 1830 carpserint,

136 1890 139 1892 Α
166 1849 398 1898 eorumque
426 1843 646 1899 opiniones
676 1843 866 1888 refutare
899 1844 1058 1898 studet,
1090 1847 1276 1900 utroque
1305 1843 1367 1888 illi
1396 1842 1751 1888 translationibus

103 1949 107 1951 .
161 1906 356 1956 Sallustii
383 1911 682 1957 audacioribus
713 1911 862 1957 offensi
894 1915 1029 1958 eraut.
1089 1913 1149 1957 Et
1179 1913 1232 1958 ad
1263 1912 1459 1957 Asinium
1502 1912 1609 1958 bene
1645 1924 1750 1968 qua·

73 2004 75 2008 ν
163 1977 263 2035 drat
290 1978 315 2039 ᾖ
350 1980 395 2025 1;
450 1981 683 2038 „multique
713 1977 797 2028 non
833 1982 1035 2027 mediocri
1065 1982 1238 2038 ingenio
1268 1982 1350 2027 viri
1379 1982 1524 2028 conati
1553 1984 1654 2027 sunt
1682 1995 1748 2026 re-

169 2047 490 2103 ,prehenderefl
551 2050 752 2095 Ceterum
790 2050 1050 2096 Merekliuus
1089 2063 1241 2095 rursus
1278 2050 1499 2096 Valerium
1538 2063 1661 2094 suum
1703 2052 1748 2094 et

165 2112 421 2163 Castricium
461 2117 639 2164 indicari
686 2122 812 2174 putat
854 2118 921 2163 his
960 2119 1115 2174 verbis,
1162 2120 1359 2176 equidem
1389 2132 1519 2164 unum
1550 2119 1744 2164 Asinium

163 2188 379 2301 ζιεωιὲἷῖιιι
422 2199 520 2232 esse
557 2189 741 2243 conicio,
788 2189 859 2244 qui
898 2188 1096 2234 videlicet
1135 2189 1315 2234 aliorum
1353 2200 1579 2234 assensum
1610 2191 1745 2233 testa-

629 2363 708 2410 24.
780 2362 832 2410 Ρ.
869 2361 1068 2411 Alfenus
1105 2362 1277 2411 Varus·

251 2468 255 2471 “
298 2461 633 2514 Iureconsultus‚
679 2464 816 2509 Servii
860 2463 1035 2518 Sulpicii
1081 2463 1333 2518 discipulus,
1378 2464 1428 2506 ut
1471 2462 1533 2505 ait
1578 2460 1743 2506 Gellius

161 2525 244 2582 VII
262 2527 313 2576 ᾗ.
358 2529 454 2578 Hoc
481 2545 567 2577 uno
597 2532 690 2579 loco
720 2533 933 2589 laudatur,
963 2533 1007 2578 in
1037 2532 1145 2577 libro
1177 2533 1497 2587 digestorum
1528 2530 1744 2577 tricesimo

161 2599 209 2646 et
235 2600 414 2665 quartu,
458 2602 907 2648 coniectaneorum
944 2605 1087 2645 autem
1116 2601 1322 2656 secundo;
1368 2605 1610 2657 sequuntur
1647 2602 1743 2656 ipsa

162 2660 258 2728 8188
284 2667 429 2720 verba.
487 2670 607 2726 Quae
646 2671 683 2717 si
720 2671 837 2716 illum
876 2669 1008 2715 semel
1048 2670 1271 2727 scripsisse
1299 2674 1632 2716 cousentaneum
1662 2667 1742 2728 est,

67 2730 74 2737 ’
161 2724 216 2791 de
255 2734 364 2787 libro
402 2751 488 2784 uno
527 2741 765 2797 eodemque
803 2740 879 2785 sed
919 2740 1146 2796 dupliciter
1181 2742 1313 2786 citato
1344 2740 1615 2795 cogitandum
1645 2740 1739 2785 erit

162 2796 227 2855 Et
261 2793 536 2858 maiectan'ea
571 2808 646 2856 illa
684 2806 841 2856 Aufidii
878 2807 1095 2855 Namusae
1133 2808 1291 2866 fuisse,
1336 2821 1421 2867 quo
1463 2808 1572 2855 libro
1616 2808 1765 2867 quasi·

1508 2888 1534 2925 ὃ
