2098 3261
1046 265 1086 312 3.

256 354 450 415 Singula
484 352 664 414 capita,
713 320 870 412 quoad
905 268 1089 412 Ιιιιθῗιὶι,
1138 350 1199 403 ad
1234 364 1375 405 ιιιιιιιιι
1421 351 1662 414 auctorem
1695 357 1836 410 reve-

890 431 1038 481 canda
1079 434 1203 481 sunt.

390 546 528 599 Quam
555 546 698 601 legem
726 558 812 597 uon
842 548 1005 595 temere
1035 545 1190 594 factam
1223 556 1320 598 esse
1339 545 1543 606 apparet3
1573 537 1671 593 nam
1700 540 1739 589 si
1766 543 1838 585 εἰι·

251 628 332 670 pra
360 614 551 666 salutare
579 613 820 664 videbatur,
864 615 1009 668 capita
1038 625 1166 669 quam
1195 612 1377 671 plurima
1406 610 1544 664 eidem
1574 607 1766 664 auctori

253 685 467 745 signare,
490 683 577 733 iam
608 683 759 732 eodem
787 685 1017 740 praecepto
1047 683 1161 730 intra
1190 681 1295 726 fines
1326 679 1667 744 uniuscuiusque
1684 683 1791 755 esp

253 756 438 799 utemur
474 751 598 804 Quod
618 754 843 806 praeterea
863 760 974 797 nunc
989 751 1309 801 commendatur
1323 748 1376 800 ab
1393 746 1645 810 excerpendi
1655 724 1836 824 munuc,

254 832 387 876 quum
416 820 688 874 excerpentis
718 832 850 874 opera
880 820 1130 874 plerumque
1159 819 1203 867 in
1232 829 1317 861 uno
1349 816 1463 871 solo,
1509 828 1593 859 non
1632 806 1758 865 simul
1784 796 1836 868 ip

250 887 444 944 pluribus
473 888 640 936 versari
669 887 819 936 soleat

390 956 509 1001 Haec
538 956 673 1011 igitur
700 956 884 1003 tenenda
913 955 982 1000 lex
1012 957 1115 1000 erit:

457 1059 496 1091 a.
526 1046 625 1159 ΡΜ
665 1047 847 1101 plures
887 1050 1148 1092 auctores
1189 1047 1442 1092 indicare
1469 1046 1686 1094 videtur
1713 1043 1835 1094 Gel-

432 1125 434 1127 ·
551 1116 649 1160 ius.

388 1207 448 1249 Ac
491 1207 676 1260 primum
721 1206 892 1261 quidem
937 1208 1143 1250 usitatum
1190 1206 1270 1251 hoc
1297 1210 1391 1251 erat
1419 1206 1622 1251 Romanis
1667 1208 1711 1250 et
1741 1211 1863 1253 cum'

256 1274 437 1318 aliarum
468 1274 658 1329 gentium
690 1274 972 1330 scriptoribus
1003 1287 1242 1330 commune,
1289 1278 1337 1318 ut
1365 1288 1495 1318 unum
1526 1278 1742 1318 auctorem
1770 1280 1837 1318 re·-

251 1342 501 1401 spicientes‚
548 1344 585 1385 si
626 1342 796 1386 nomine
827 1342 1023 1386 addendo
1064 1343 1418 1397 supersederent,
1463 1342 1615 1397 plurali
1659 1341 1836 1386 numero

251 1414 487 1455 uterentur.
546 1407 665 1454 Sicut
695 1408 849 1455 Graeci
880 1406 1003 1464 ἔνιοι,
1050 1408 1180 1464 τινές,
1223 1407 1363 1460 ἄλλοι,
1404 1410 1467 1455 ita
1496 1409 1678 1454 Romani
1707 1420 1839 1463 „non-

249 1477 396 1534 nulli“‚
427 1476 670 1534 ,‚quidam“‚
712 1478 842 1535 „alii“
873 1479 1015 1525 dicere
1045 1479 1255 1534 solebant,
1291 1492 1383 1524 rem
1413 1479 1551 1535 magis
1583 1490 1711 1534 quam
1740 1481 1839 1522 ιιιιοὲ

249 1552 387 1593 torem
428 1550 689 1603 spectantes.
748 1548 838 1593 Nec
881 1548 1045 1593 Gellius
1091 1548 1145 1593 ab
1189 1548 1270 1593 hac
1318 1547 1628 1593 consuetudine
1653 1547 1840 1605 ‘alienus

248 1617 343 1662 fuit.
383 1616 521 1662 Nemo
552 1630 613 1662 ex.
645 1620 711 1672 gr.
743 1618 984 1672 complures
1006 1617 1453 1672 auctores‘intelliget
1479 1618 1502 1661 Ι
1538 1617 1601 1672 11,
1636 1614 1700 1660 13.
1730 1614 1842 1671 „sed

249 1685 352 1741 „qui
382 1684 464 1729 hoc
493 1687 755 1740 compertius
785 1686 1018 1730 memoriae
1048 1685 1353 1741 prodiderunt,
1393 1685 1569 1730 stetisse
1597 1685 1745 1729 dicunt
1774 1695 1845 1727 oe-

248 1777 272 1808 ‚‚
278 1751 463 1799 cultius“
503 1752 610 1810 rell„
650 1766 782 1798 unum
835 1757 981 1798 autem
1020 1753 1296 1801 Plutarchum
1341 1752 1574 1809 significari
1616 1752 1845 1808 cognoscet

248 1824 496 1877 comparato
528 1822 622 1866 eius
650 1822 744 1866 loco
776 1822 814 1866 (1.
846 1821 938 1867 coh.
968 1822 1035 1866 ira
1064 1835 1099 1867 c.
1132 1821 1177 1866 6:
1222 1836 1347 1866 nemo
1384 1836 1469 1866 non
1510 1822 1563 1867 de
1604 1834 1689 1865 uno
1729 1820 1843 1876 eogi-

249 1889 362 1940 tabit
390 1885 434 1934 11
466 1888 515 1947 4,
547 1889 574 1933 6
620 1890 732 1946 „Sed
768 1891 843 1936 alii
885 1892 1058 1947 quidam
1099 1891 1405 1938 divinationem
1445 1903 1542 1938 esse
1582 1886 1842 1947 appellatam

235 1957 461 2013 ³„putant“
494 1970 531 2004 e.
563 1971 602 2014 q.
634 1971 670 2004 s.

388 2029 428 2072 A
456 2027 617 2072 talibus
648 2033 792 2073 autem
822 2028 960 2074 facilis
999 2031 1208 2074 transitus
1248 2032 1316 2073 est
1352 2030 1407 2084 ad
1436 2040 1597 2074 morem
1629 2029 1841 2088 quendam

251 2096 377 2142 Gellii
408 2097 545 2153 magis
574 2098 848 2153 peculiarem.
907 2099 973 2143 III
1004 2097 1043 2155 3,
1093 2098 1144 2141 14
1173 2099 1279 2144 haec
1308 2098 1531 2155 leguntur:
1580 2099 1693 2156 „Sed
1728 2099 1840 2144 enim

253 2166 555 2221 „Saturionem
585 2170 629 2211 et
649 2167 878 2213 Addictum
900 2201 1042 2214 .....
1072 2169 1116 2213 in
1135 2169 1318 2223 pistrino
1339 2181 1436 2213 eum
1454 2169 1681 2224 scripsisse
1700 2169 1840 2215 Varro
1882 2159 1885 2162 ’

252 2238 325 2290 „et
353 2234 550 2290 plerique
582 2234 657 2279 alii
680 2234 711 2289 ¹)
743 2236 975 2281 memoriae
1003 2235 1314 2282 tradiderunt.“
1372 2236 1492 2281 Haec
1527 2235 1665 2291 prima
1694 2232 1839 2291 specie
1872 2243 1875 2245 ’

251 2302 314 2347 ab·
336 2315 388 2347 eo
418 2303 501 2347 dici
530 2303 751 2359 videntur,
797 2305 870 2360 qui
901 2317 986 2349 ιιοιι
1015 2305 1129 2350 Varr
1157 2317 1253 2350 nem
1296 2305 1433 2349 solum
1464 2304 1541 2349 sed
1572 2305 1703 2349 etiam
1730 2300 1839 2364 alios

251 2370 405 2414 adierit
440 2367 715 2416 consulendo.
775 2372 861 2417 Sed
899 2373 1048 2419 credat
1085 2374 1279 2419 Judaeus
1309 2373 1475 2428 Apella.
1534 2372 1689 2417 Totum
1728 2366 1838 2438 enin]

251 2442 381 2492 caput
409 2452 462 2483 ex
490 2440 685 2485 Varrone
716 2445 905 2485 sumtum
936 2454 1055 2498 esse,
1102 2441 1214 2486 infra
1253 2454 1385 2497 quum
1423 2442 1478 2487 ad
1517 2441 1629 2486 hunc
1664 2444 1838 2487 ventum
1891 2467 1893 2469 v

253 2506 354 2561 erit,
397 2506 716 2554 demonstrabo.
777 2510 955 2556 Interim
985 2510 1180 2557 conferas
1212 2510 1391 2556 Ritschl.
1451 2510 1630 2566 Parerg.
1659 2510 1682 2555 1
1709 2522 1751 2567 p.
1782 2507 1838 2554 ’18

397 2667 424 2709 ¹)
451 2665 637 2712 „Plerique
662 2668 744 2704 alii“
769 2669 865 2707 idem
890 2670 966 2707 fere
991 2673 1059 2716 est,
1083 2670 1180 2715 quod
1206 2668 1397 2716 ,permulti
1421 2668 1520 2705 alii“.
1570 2668 1624 2706 Cf.
1650 2668 1742 2707 Gell.
1764 2667 1857 2709 111.

255 2724 314 2771 13,
340 2724 361 2759 6
389 2724 502 2767 „Tum
527 2723 657 2762 deinde
681 2726 870 2773 disseruit,
907 2738 965 2766 me
989 2732 1026 2766 et
1048 2728 1230 2775 plerisque
1253 2726 1334 2765 aliis
1359 2726 1623 2775 audientibus“‚
1658 2726 1837 2768 neminem

254 2786 377 2819 autem
401 2781 511 2817 alium
536 2785 646 2819 antea
670 2783 943 2822 demonstravit.
