2098 3256
161 320 168 326 ,
207 275 419 320 adductus
449 274 521 319 ille
551 274 724 331 quidem
754 274 847 319 1000
870 273 1054 318 Charisii
1082 286 1120 329 p.
1148 273 1224 315 186
1246 274 1290 318 Ρ.
1322 271 1419 322 207,
1449 270 1505 314 30
1524 271 1578 314 Κ.
1624 270 1784 314 Nostro

206 343 301 388 loco
331 343 628 387 adverbiorum
659 342 776 386 nulla
806 341 964 395 littera,
994 345 1125 396 atque
1155 343 1284 386 etiam
1312 340 1517 385 reclamat
1546 338 1786 400 multitudi-

205 409 272 455 nis
291 422 492 455 numerus
514 408 752 464 πανὸέκται,
783 410 983 465 quoniam
1003 410 1057 453 de
1077 409 1288 454 adverbiis
1309 407 1586 464 singulariter
1617 408 1782 451 tantum

208 470 449 537 πάνδέκτης
475 479 653 533 dicitur,
698 478 753 521 ad
783 478 1027 521 universum
1062 489 1197 531 genus
1227 477 1546 531 designandum.
1557 475 1587 530 ¹)
1615 497 1617 499 ·
1646 474 1786 528 Argu-

206 550 397 595 mentum
441 545 538 590 libri
578 544 743 589 Gellius
789 546 882 588 luce
919 545 1075 588 clarius
1113 545 1378 588 demonstrat
1406 544 1430 598 ξ
1460 542 1486 584 3
1520 540 1787 591 „naucleri-a<-

209 618 436 670 „tanquam
477 626 600 658 omne
638 625 782 658 rerum
821 615 952 667 atque
992 613 1279 657 doctrinarum
1317 625 1451 667 genus
1482 610 1776 656 continentis.“

204 682 356 736 Neque
385 694 561 736 possum
589 693 673 724 non
704 681 936 739 Mercklino
967 680 1150 734 obloqui,
1180 681 1252 735 qui
1280 691 1320 733 p.
1352 678 1435 721 636
1464 679 1556 722 0011.
1577 692 1614 723 0.
1633 692 1676 733 p.
1697 676 1780 720 673

203 752 353 795 censet
380 745 620 796 πανὸέκτας·
646 751 813 803 partem
841 747 975 792 fuisse
1004 747 1102 792 libri
1132 747 1346 801 inscripti:
1397 747 1452 790 de
1480 747 1611 790 variis
1649 750 1779 801 atque

211 818 437 872 promiscis
458 816 794 872 quaestionibus,
826 828 903 860 nec
931 819 1048 860 recte
1066 816 1171 860 haec
1190 814 1321 859 verba
1349 827 1417 858 me
1445 816 1584 859 iudice
1612 815 1781 858 Hertzi-

208 896 260 930 us
298 886 498 930 distentis
542 885 698 932 litteris
743 884 947 929 exhibuit.
1006 884 1114 928 Mihi
1153 885 1196 928 in
1236 883 1303 927 his
1339 883 1511 927 omnino
1538 884 1692 928 titulus
1722 883 1783 926 la-

0 987 5 1005 .
205 957 298 997 tere
327 965 411 997 11011
440 954 621 999 videtur.
660 953 743 997 Sed
771 953 916 1002 voluit,
945 956 995 996 ut
1014 952 1213 1006 arbitror,
1245 951 1409 996 Gellius
1439 952 1500 996 sic
1530 954 1783 1005 argumenta

0 1010 20 1067 1,
178 1020 488 1075 complurium
528 1021 733 1064 librorum
777 1021 945 1064 Tironis
993 1021 1240 1075 designare,
1282 1033 1335 1063 ex
1379 1018 1533 1074 quibus
1578 1017 1782 1063 laudabat

6 1101 9 1104 ·
209 1088 346 1135 solum
376 1086 625 1137 πανὸέκτας.
688 1088 844 1133 Iisdem
873 1088 1054 1132 forsitan
1084 1088 1410 1133 adnumeremus
1440 1088 1646 1143 epistulas
1677 1087 1782 1142 eius,

204 1157 257 1202 de
301 1158 455 1212 quibus
501 1158 699 1212 deinceps
745 1157 967 1201 dicendum
1012 1158 1106 1201 erit.
1165 1158 1471 1212 Fragmentum
1511 1156 1680 1200 Tironis
1724 1156 1779 1199 de

203 1225 363 1271 suculis
408 1226 513 1271 adeo
558 1238 758 1281 magnum
802 1229 846 1271 et
889 1226 995 1281 ipsis
1037 1225 1179 1271 verbis
1222 1226 1406 1272 relatum
1447 1224 1470 1281 ξ
1500 1224 1528 1267 4
1558 1228 1780 1270 auctorem

203 1306 229 1336 a
258 1294 396 1338 Gellio
425 1294 580 1338 lectum
609 1307 703 1337 esse
738 1293 862 1339 facile
890 1295 1132 1348 persuadet.
1193 1295 1258 1337 Eo
1302 1295 1458 1337 iustius
1503 1294 1641 1336 altero
1685 1293 1778 1336 loco

203 1362 506 1416 pandectarum
544 1362 772 1417 vestigium
822 1375 868 1406 se
912 1362 1246 1417 deprehendisse
1294 1363 1503 1417 glorietur
1551 1362 1778 1416 quispiam.

202 1429 243 1473 X
262 1429 312 1471 21
349 1430 596 1474 Ciceronem
625 1431 820 1473 audimus
851 1430 1069 1474 vocabulis
1098 1432 1355 1474 novissimus
1386 1434 1430 1474 et
1458 1430 1686 1473 novissime
1717 1431 1780 1472 uti

128 1500 131 1502 ’
202 1497 402 1543 noluisse.
461 1497 719 1551 Quibuscum
763 1499 801 1542 si
845 1499 1184 1553 comparaveris,
1230 1512 1340 1554 quae
1384 1499 1499 1553 apud
1539 1497 1782 1542 Charisium

203 1569 304 1609 sunt
332 1579 371 1621 p.
408 1564 487 1607 186
517 1567 564 1609 P.
595 1564 702 1621 207,
735 1564 791 1607 30
820 1566 898 1609 Κ.;
954 1566 1216 1621 „Novissime
1246 1567 1346 1610 Tiro
1375 1567 1421 1610 in
1452 1566 1665 1611 Pandecte
1693 1578 1780 1610 non

209 1631 357 1689 „recte
393 1635 455 1678 ait
497 1634 579 1678 dici
622 1634 853 1690 adicitque,
899 1635 1013 1690 quod
1049 1648 1128 1679 sua
1165 1636 1358 1691 coeperit
1385 1639 1528 1680 aetate
1557 1636 1602 1679 id
1631 1635 1781 1679 adver-

206 1702 387 1758 „bium“,
432 1715 459 1746 a
488 1703 655 1747 nemine
689 1703 890 1747 libentius
929 1715 1058 1758 quam
1088 1716 1115 1747 a
1144 1704 1300 1748 Tirone
1330 1703 1455 1748 Gellii
1490 1704 1686 1748 notitiam
1713 1716 1781 1748 ro-

202 1774 336 1824 petas.
396 1770 454 1814 At
482 1783 553 1815 res
586 1784 669 1814 non
699 1775 818 1816 caret
848 1771 1125 1822 dubitatione,
1157 1773 1380 1827 siquidem,
1425 1785 1537 1827 quae
1567 1771 1590 1827 ἕ
1626 1771 1643 1812 1
1678 1776 1722 1816 et
1751 1771 1778 1813 2

202 1839 316 1894 apud
346 1838 530 1883 Gellium
559 1839 771 1894 leguntur,
804 1840 942 1884 eidem
970 1841 1140 1885 auctori
1168 1844 1286 1885 recte
1315 1840 1557 1886 tribuimus.
1608 1841 1780 1885 Etenim

202 1906 409 1959 Catonem
438 1920 465 1950 a
493 1907 711 1952 vocabulis
740 1907 824 1951 illis
854 1920 938 1952 non
968 1907 1265 1963 abhorruisse,
1301 1910 1338 1953 is
1368 1912 1483 1955 certe
1513 1921 1597 1953 non
1627 1910 1780 1966 innuit,

202 1976 276 2031 qui
305 1977 442 2031 primo
473 1980 574 2022 ante
604 1977 821 2021 Christum
852 1978 1021 2022 saeculo
1053 1991 1105 2022 ea
1136 1982 1233 2022 orta
1263 1990 1359 2023 esse
1387 1979 1561 2034 diceret,
1599 1987 1781 2033 eumque

205 2043 378 2087 Flavius
424 2043 565 2097 Caper
607 2044 937 2099 reprehenderet
981 2044 1051 2099 (cf.
1082 2045 1244 2089 Charis.
1285 2045 1313 2090 1.
1350 2045 1395 2100 1.)
1442 2048 1542 2101 quia
1585 2049 1779 2090 veterum

202 2111 393 2165 exempla
422 2110 646 2167 fugissent.
705 2112 848 2167 Atque
879 2113 1020 2168 etiam,
1060 2114 1104 2157 id
1136 2114 1250 2169 quod
1280 2114 1477 2158 Tironem
1507 2115 1576 2158 vix
1604 2113 1780 2168 latebat,

197 2178 413 2223 invenitur
449 2178 751 2234 „novissimus“
785 2180 899 2236 apud
930 2179 1178 2225 Ciceronem
1208 2194 1271 2236 pr.
1300 2182 1426 2226 Rosc.
1457 2195 1563 2228 com.
1597 2184 1662 2228 11.

336 2248 396 2292 VI
412 2245 451 2303 3,
473 2245 501 2289 8
521 2248 688 2292 Tironis
703 2249 906 2293 iudicium
921 2249 974 2293 de
990 2241 1184 2295 oratione
1199 2251 1384 2306 quadam
1405 2250 1579 2296 Catonis
1600 2264 1653 2296 ex
1672 2251 1777 2307 epi-

202 2316 341 2360 stula
371 2317 463 2360 eius
493 2318 555 2361 ad
585 2317 765 2360 Axium
791 2319 954 2371 scripta
978 2317 1073 2362 fuse
1100 2322 1338 2372 enarratur,
1369 2320 1459 2373 sed,
1490 2324 1538 2362 ut
1553 2321 1695 2364 omnia
1710 2321 1781 2364 Ti·

201 2384 335 2440 ronis,
358 2385 640 2441 redarguitur.
672 2385 777 2430 Eius
798 2386 1052 2432 sententiam
1067 2386 1199 2432 refert
1214 2390 1360 2432 noster
1379 2386 1402 2443 ξ
1424 2385 1486 2443 12,
1502 2385 1571 2444 34,
1587 2386 1642 2432 35
1658 2392 1780 2446 extr„

202 2451 270 2503 39,
310 2452 379 2508 40,
420 2455 516 2510 ipsa
545 2455 674 2498 verba
703 2455 851 2503 laudat
880 2455 903 2510 ἓ
939 2454 1002 2506 13,
1037 2455 1102 2511 16,
1144 2454 1332 2511 27-30,
1373 2455 1426 2497 35
1456 2456 1562 2512 init,
1591 2455 1780 2504 41-42.

206 2519 435 2567 Praeterea
460 2522 532 2567 ille
563 2521 739 2568 Catonis
770 2522 886 2569 locos
914 2525 1267 2579 transscripserat
1296 2523 1319 2580 ξ
1346 2522 1411 2581 14,
1445 2524 1510 2581 16,
1542 2525 1611 2582 26,
1643 2531 1699 2583 et,
1730 2532 1781 2572 ut

197 2591 382 2647 conicio,
435 2594 562 2637 etiam
603 2606 713 2648 quae
743 2593 905 2641 Gellius
947 2593 970 2649 ἓ
1001 2592 1170 2637 36-38
1198 2596 1357 2649 (10111111.ο
1414 2595 1565 2641 Altera
1594 2596 1779 2652 epistula

334 2763 361 2805 ¹)
396 2762 449 2800 Cf.
485 2764 583 2801 Scho
592 2775 799 2809 emannum,
834 2765 948 2802 virum
981 2765 1245 2813 doctissimum,
1282 2778 1386 2814 quem
1409 2767 1555 2806 honoris
1580 2777 1689 2806 causa
1712 2776 1780 2805 1101-

196 2819 367 2863 ιίοο.’111
390 2820 499 2858 indic.
524 2822 656 2860 scholl-
680 2823 880 2870 Gryphium
907 2823 1004 2860 1860.
1026 2834 1067 2870 p.
1091 2825 1144 2861 12.

0 3172 379 3256 m
142 3190 163 3199 „
240 3207 243 3209 >
379 3215 444 3256 ΙΙΙ,
741 3222 745 3224 μ
2094 3217 2098 3256 Ι
