2098 3256
823 178 879 190 --
935 137 988 197 8³1
1050 177 1107 188 .-

151 275 295 337 uiui,
334 273 607 322 obversatum
644 272 795 317 nostro
836 269 928 315 eins
965 269 1106 316 locum
1143 268 1278 317 fuisse
1317 281 1405 316 non
1432 266 1601 315 infitias
1628 266 1756 322 iren:

107 333 119 344 ⁶
171 338 217 405 in
245 345 407 392 Seneca.
434 346 485 388 ut
512 344 703 388 statuam
730 350 817 383 non
845 337 1001 383 adduci
1030 350 1217 394 possum.

639 456 721 506 33.
779 455 1004 504 Annaeus
1040 452 1295 503 Cornutus.

308 547 621 595 Grammaticus
658 536 773 592 idem
812 556 863 590 ac
903 542 1182 601 philosophus
1220 543 1460 590 Stoicorum
1505 542 1757 601 disciplinae

171 618 383 674 addictus,
413 616 550 663 Persii
578 613 945 672 Flaccimagister
975 617 1061 669 et,
1063 613 1211 669 ,dulcis
1241 613 1416 659 amicus‘
1418 612 1570 665 ‘(Set.
1598 612 1640 659 V
1663 610 1755 665 23).

173 685 557 737 Commentariis
585 685 639 730 in
667 683 967 740 Vergilium
997 682 1258 738 composuit,
1295 685 1347 727 ut
1374 679 1539 728 Gellius
1567 684 1757 728 testatur

68 762 89 817 f
160 756 217 803 11
243 755 285 808 6,
313 767 495 812 quorum
516 752 736 801 Charisius
766 752 832 797 bis
861 753 1071 799 decimum
1099 752 1249 796 laudat
1275 763 1315 807 p.
1340 748 1423 793 100
1441 750 1489 796 P.
1510 748 1603 806 125,
1623 748 1678 793 26
1700 750 1755 796 Κ.

173 825 406 882 „Annaeus
434 822 651 868 Cornutus
675 822 729 867 ad
760 820 955 866 Italicum
981 821 1035 867 de
1057 820 1245 876 Vergilio
1270 819 1380 865 libro
1408 818 1498 875 X“;
1527 833 1568 876 p.
1603 818 1698 863 102
1707 817 1756 865 P.

179 892 273 950 1²¹1,
306 892 356 936 19
386 892 438 937 Κ.
484 892 561 948 ,‚1..
606 892 806 936 Annaeus
851 890 1065 935 Cornutus
1116 890 1161 934 in
1205 888 1397 934 Maronis
1441 887 1757 934 commentariis

169 960 388 1009 Aeneidos
416 960 496 1006 X.“
539 959 703 1014 Quibus
734 972 787 1005 ex
815 958 920 1004 locis
949 959 987 1004 si
1016 957 1114 1003 libri
1143 958 1297 1004 titulus
1321 957 1647 1003 constituendus
1677 961 1759 1014 est,

173 1032 355 1091 apparet
382 1029 530 1076 statim
559 1029 718 1075 nullam
749 1030 834 1073 vim
861 1028 1022 1074 habere
1049 1027 1253 1084 alterum,
1294 1040 1422 1084 quem
1460 1028 1654 1073 Maronis
1682 1038 1759 1072 no-

172 1110 271 1144 men
297 1098 586 1154 negligentiae
606 1097 831 1143 cuiusdam
860 1096 1083 1142 convincit.
1142 1096 1293 1153 Neque
1323 1108 1426 1142 vero
1446 1095 1683 1142 Cornutum
1712 1094 1759 1141 in

171 1166 267 1214 sols
294 1167 486 1214 Aeneide
515 1179 693 1222 operam
712 1167 958 1220 collocasse,
989 1166 1089 1210 inde
1118 1166 1215 1221 quis
1235 1165 1425 1221 colliget:
1455 1163 1622 1211 Gellius
1643 1165 1757 1210 enim

172 1235 323 1282 laudat
359 1247 458 1282 cum
497 1235 552 1279 ed
590 1234 738 1280 Bucol.
777 1234 839 1280 VI
880 1233 947 1291 75,
992 1234 1046 1280 ad
1076 1233 1236 1291 Georg.
1276 1233 1343 1280 111
1381 1232 1409 1277 4
1453 1232 1524 1291 (cf.
1554 1234 1672 1281 Serv.
1700 1233 1757 1280 ad

173 1303 331 1361 Geni-g.
360 1304 384 1350 Ι
412 1302 538 1358 277);
568 1317 709 1360 neque
738 1304 792 1350 de
820 1304 1010 1349 Aeneide
1039 1303 1171 1348 libros
1191 1304 1425 1359 separatim
1453 1304 1594 1349 editos
1621 1304 1757 1349 fuisse

172 1373 234 1418 ab·
256 1372 344 1428 bis,
384 1373 457 1429 qui
487 1372 543 1417 sd
570 1373 771 1418 Bucolica
811 1376 857 1417 et
896 1372 1108 1429 Georgica
1145 1371 1431 1428 pertinebant.
1489 1372 1629 1418 Multo
1648 1372 1756 1429 ,plus

171 1441 273 1499 fidei
309 1441 471 1488 habere
507 1440 711 1486 debemus
751 1442 877 1486 alteri
911 1441 1147 1486 laudationi
1192 1442 1424 1497 „Annaeus
1454 1440 1674 1486 Cornutus
1702 1441 1759 1486 sd

179 1510 397 1561 „Italicum
435 1510 490 1555 de
528 1510 720 1566 Vergilio
749 1510 859 1555 libro
900 1509 967 1555 X“
987 1511 1035 1567 ¹),
1080 1514 1126 1556 et
1154 1510 1252 1567 plus
1283 1510 1434 1563 etiam,
1478 1513 1529 1556 ut
1558 1509 1758 1566 arbitror,

176 1592 305 1638 qum
333 1579 463 1627 Gellii
491 1579 875 1636 ‚‚commentariis.“
935 1581 1121 1625 Primum
1160 1580 1272 1626 enim
1309 1580 1474 1626 Gellius
1505 1580 1675 1626 omnino
1704 1579 1760 1624 ti-

175 1651 314 1695 tulum
341 1648 439 1695 libri
468 1662 555 1694 non
584 1650 718 1695 edidit
747 1650 950 1706 Cornuti,
997 1650 1074 1696 sed
1112 1650 1303 1707 loquitur
1338 1650 1583 1696 summatim
1620 1649 1675 1695 de
1703 1649 1758 1694 iis

177 1719 252 1775 qui
281 1720 584 1766 commentaris
621 1720 665 1765 in
704 1719 938 1775 Vergilium
976 1721 1304 1775 composuerint.
1362 1719 1457 1774 Quo
1500 1730 1759 1776 quamquam

175 1787 232 1834 td
261 1787 498 1838 Cornutum
527 1788 797 1843 potissimum
826 1788 1016 1843 respicit,
1054 1791 1198 1833 tamen
1227 1789 1435 1833 minorem
1464 1787 1583 1833 tituli
1610 1799 1760 1833 curum

176 1854 389 1903 ostendit.-
434 1854 594 1901 Contra
631 1855 826 1901 Chai-isio
869 1856 994 1901 anxio
1032 1848 1183 1912 plenae
1222 1856 1513 1912 inscriptionis
1542 1856 1672 1912 adeo,
1709 1858 1761 1900 ut

176 1924 320 1979 etism,
348 1924 418 1969 cui
445 1924 675 1980 inscriptus
703 1924 835 1970 fuerit
862 1925 983 1979 liber,
1015 1924 1243 1981 addiderit,
1271 1925 1501 1970 verisimile
1531 1928 1599 1970 est
1628 1924 1759 1970 etism

176 2002 308 2041 curae
336 1990 491 2048 fuisse,
532 1995 583 2037 ut
610 1992 707 2048 ipsa
741 1992 872 2038 verba
911 1992 1140 2039 exhiberet
1199 1993 1354 2051 Itaque
1390 1994 1429 2039 si
1467 2005 1634 2040 mecum
1671 2004 1758 2038 non

182 2061 510 2117 ,commentaria
537 2061 582 2105 in
609 2060 876 2117 Vergilium“
906 2061 984 2106 sed
1013 2061 1097 2116 „de
1116 2061 1339 2118 Vergilio“
1368 2061 1503 2108 libros
1528 2061 1758 2117 inscriptos

175 2126 311 2180 {uisse
338 2131 520 2184 statuas,
563 2129 747 2174 indidem
788 2133 970 2186 apparet
1007 2129 1168 2186 aliquid
1208 2131 1412 2176 momenti
1449 2130 1505 2176 sd
1543 2129 1758 2187 Hyginum

175 2196 430 2249 redundare,
458 2199 502 2242 in
532 2211 616 2254 quo
646 2199 797 2243 similis
817 2199 1109 2244 controversia
1128 2199 1392 2245 occurrebat.
1439 2199 1650 2257 Equidem
1668 2198 1758 2255 Hy·

175 2265 327 2322 ginnm.
361 2269 406 2310 et
442 2266 535 2311 eius
564 2265 750 2312 fortasse
790 2268 982 2323 exemplo
1019 2266 1257 2314 Cornutum
1289 2269 1370 2325 „de
1399 2266 1621 2324 Vergilio“
1650 2266 1758 2312 scri-

174 2333 314 2390 psisse
344 2335 507 2391 opinor.
565 2335 673 2380 Tres
713 2339 1015 2381 commemorat
1056 2335 1221 2403 (fillius
1255 2335 1609 2393 reprehensiones
1647 2333 1759 2382 Ver-

176 2401 323 2458 giliiss
358 2402 375 2444 1
410 2407 454 2447 et
483 2403 523 2458 2,
566 2403 606 2461 3,
647 2403 688 2455 4,
734 2417 842 2460 quas
887 2405 1085 2461 equidem
1129 2418 1275 2451 omnes
1320 2404 1512 2450 Cornuto
1554 2403 1761 2461 tribuam,

175 2469 384 2523 Merclxlin
412 2484 454 2528 p.
475 2469 560 2514 659
595 2474 738 2518 nescio
759 2486 842 2529 quo
871 2477 997 2529 pacto
1017 2475 1235 2530 dispertiri
1253 2474 1345 2518 vult
1372 2474 1487 2518 inter
1504 2472 1759 2530 Cornutum,

176 2536 413 2595 Hyginum,
456 2540 576 2586 alios.
636 2541 797 2587 Contra
837 2554 932 2587 eum
970 2542 1187 2600 disputavi
1224 2543 1280 2588 ad
1316 2541 1557 2606 Hyginum
1599 2542 1759 2590 ibidem

319 2710 345 2757 ¹)
366 2711 427 2749 Ex
449 2713 659 2761 Sui-ingnio
682 2716 768 2753 hist.
795 2714 874 2752 crit.
898 2715 1009 2753 schol.
1034 2715 1099 2753 lat.
1122 2715 1160 2754 11
1182 2726 1219 2763 p.
1244 2718 1309 2753 121
1334 2716 1432 2760 novi.
1465 2717 1522 2754 De
1544 2715 1758 2754 lattiniani

178 2766 217 2816 in
237 2765 333 2807 libro
356 2766 403 2808 de
425 2769 586 2809 Cornuto
610 2773 729 2820 Ludg.
756 2774 835 2812 Bet.
862 2774 949 2811 1825
971 2784 1010 2821 p.
1031 2773 1078 2812 06
1101 2773 1322 2812 intellexisse
1349 2774 1441 2812 lineo
1463 2774 1509 2812 de
1531 2771 1687 2820 epistula
1708 2772 1759 2811 nd

180 2819 249 2868 811·
272 2825 389 2864 Italic.
411 2827 532 2866 missa.
577 2830 631 2866 At
653 2841 735 2868 eam
757 2830 875 2875 aliter,
899 2830 1021 2879 credo,
1042 2830 1229 2871 cit-viam
1250 2829 1482 2925 clini-isius.⁸
