2098 3256
916 160 1205 204 —45—

271 278 317 322 et
345 275 492 321 timide
519 275 634 328 facit,
665 279 714 321 ut
743 276 765 320 Ι
799 273 863 332 18,
895 274 941 321 6:
987 276 1060 332 „In
1089 275 1169 321 hac
1198 289 1246 321 re
1277 278 1331 322 de
1359 276 1451 322 viro
1480 279 1569 321 tam
1606 275 1850 321 excellentis

209 350 212 354 ’
275 346 518 401 „doctrinae
546 358 632 390 non
660 358 800 390 meum
829 345 1030 390 iudicium
1060 344 1164 389 est.“
1227 347 1435 399 Quocirca
1474 347 1511 390 si
1551 346 1606 391 ad
1636 346 1851 390 coniectu·

267 424 359 459 ram
387 414 537 459 redeat
564 414 695 458 fontis
726 414 963 469 indagatio,
1010 414 1064 457 ad
1095 413 1206 458 hunc
1243 416 1561 469 paratissimum
1596 417 1663 459 est
1701 413 1845 458 confu-

265 483 405 544 gium,
435 484 657 539 siquidem,
692 496 818 538 quem
847 486 935 527 tam
954 483 1202 538 frequenter
1230 483 1432 540 laudavit,
1463 485 1616 528 mirum
1646 495 1732 528 non
1763 486 1844 537 est,

248 550 303 594 -si
332 551 547 595 interdum
576 552 704 595 etiam
733 551 865 595 tacite
894 554 1112 594 auctorem
1142 555 1315 595 secutus
1345 552 1414 596 sit.
1434 555 1464 603 ¹)

401 620 464 664 Ac
492 619 699 675 principio
719 619 857 666 dissam
888 619 940 664 de
972 619 1095 665 libris
1116 620 1436 675 antiquitatum,
1468 622 1513 664 et
1541 631 1690 664 rursus
1721 619 1842 675 prius

265 688 318 732 de
362 688 783 743 antiquitatibus
833 701 1007 734 rerum
1055 688 1418 743 humanarum,
1479 689 1579 742 quia
1627 688 1705 731 has
1754 689 1847 742 ipse

264 755 402 800 Varro
433 757 601 811 praeire
630 756 778 800 voluit.
838 756 1028 809 Quarum
1069 756 1178 801 liber
1217 757 1270 800 de
1310 756 1422 800 bello
1454 760 1498 800 et
1526 768 1630 811 pace
1660 756 1846 801 occurrit

265 825 287 867 I
317 823 385 879 25,
413 825 458 868 in
489 824 572 879 quo
611 825 775 869 duobus
815 826 920 869 locis
959 826 1145 869 indutias
1185 824 1422 869 definierat.
1482 825 1565 870 Sed
1597 825 1699 879 quia
1728 828 1845 869 utra·

266 905 349 948 que
380 905 406 936 a
435 895 582 937 nostro
603 893 832 948 spernitur,
862 892 967 937 nihil
996 895 1170 948 praeter
1197 892 1275 937 has
1304 893 1486 937 Varroni
1517 892 1844 948 assignabimus.

264 960 330 1005 De
359 960 533 1005 Aurelio
555 962 664 1005 enim
685 961 825 1016 Opilio
854 964 1033 1006 exeunte
1054 962 1192 1015 capite
1221 962 1408 1012 laudato,
1441 965 1649 1016 quantum
1671 962 1844 1016 quidem

152 1025 154 1027 ’
221 1034 224 1037 ’
262 1027 465 1074 affirmari
494 1032 652 1085 potest,
682 1030 735 1074 ad
765 1029 877 1074 hunc
906 1030 1047 1085 ipsum
1076 1030 1236 1080 dictum
1266 1033 1332 1075 est
1360 1042 1401 1085 p.
1434 1028 1502 1075 41.
1539 1030 1588 1074 L.
1618 1030 1720 1074 XXI
1750 1030 1842 1074 lau-

262 1099 391 1143 datur
418 1111 445 1142 a
475 1097 613 1143 Gellio
642 1099 703 1142 XI
739 1098 773 1148 1,
806 1098 846 1154 5,
887 1100 960 1154 qui
989 1099 1109 1144 locus
1146 1112 1369 1154 perperam
1400 1099 1456 1143 ad
1486 1099 1843 1143 undevicesimum

260 1167 416 1210 librum
455 1167 617 1210 relatus
658 1170 724 1210 est
760 1167 804 1209 in
845 1167 943 1210 edit.
1003 1168 1175 1222 Bipont.
1217 1181 1256 1221 p.
1288 1164 1392 1221 2093
1439 1168 1646 1211 Varronis
1686 1180 1841 1212 nomen

260 1235 354 1280 sine
382 1234 491 1279 libro
521 1234 678 1290 legitur
708 1235 837 1279 etiam
867 1233 890 1290 ἓ
926 1235 941 1275 1
979 1238 1023 1279 et
1054 1234 1091 1276 4.
1151 1235 1362 1290 Equidem
1391 1236 1491 1279 inde
1529 1235 1584 1279 ab
1619 1236 1742 1279 initio
1772 1248 1842 1280 ca-

260 1303 360 1359 pitis
391 1316 528 1358 usque
558 1303 612 1346 ad
650 1302 673 1357 ξ
703 1297 730 1345 5
771 1304 912 1346 omnia
950 1304 1156 1348 Varronis
1198 1307 1242 1347 et
1282 1304 1472 1347 eiusdem
1513 1304 1610 1347 libri
1649 1304 1839 1348 vicesimi

262 1372 389 1427 primi
418 1371 552 1416 fuisse
585 1372 792 1416 existimo.
853 1372 943 1416 Nec
974 1371 1152 1416 turbant
1192 1384 1281 1427 me,
1323 1384 1434 1427 quae
1463 1372 1620 1416 Festus
1652 1372 1840 1417 servavit

261 1453 301 1497 p.
328 1438 406 1482 142
436 1441 493 1484 Μ.
548 1440 753 1490 „Multam
774 1441 886 1486 Osce
916 1440 1000 1485 dici
1019 1443 1174 1495 putant
1194 1452 1373 1496 poenam
1396 1440 1580 1496 quidem,
1621 1442 1680 1485 M.
1699 1440 1837 1485 Varro

263 1511 350 1559 „ait
388 1522 568 1564 poenam
609 1522 703 1554 esse
744 1510 821 1554 sed
860 1510 1167 1565 pecuniariam,
1213 1510 1265 1554 de
1306 1522 1391 1564 qua
1431 1509 1648 1555 subtiliter
1686 1510 1731 1554 in
1760 1510 1787 1554 1.
1817 1511 1838 1554 Ι

263 1578 584 1634 „quaestionum
614 1578 932 1632 epistulicarum
962 1576 1133 1622 refert.“
1193 1578 1311 1630 Quae
1330 1577 1497 1621 facilius
1523 1578 1626 1621 mihi
1655 1590 1835 1632 persua-

256 1647 373 1699 dent,
420 1646 654 1691 Varronem
684 1644 1072 1702 πολογραφώτατον
1102 1646 1269 1690 duobus
1300 1646 1404 1690 locis
1436 1646 1589 1690 similia
1619 1647 1671 1691 de
1701 1647 1837 1691 multa

255 1715 427 1769 dixisse,
459 1727 586 1770 quam
616 1714 799 1759 Gellium
830 1728 881 1759 ex
910 1715 1088 1759 diversis
1119 1715 1223 1759 locis
1254 1718 1383 1770 caput
1412 1727 1536 1759 suum
1567 1716 1833 1760 consarcina-

254 1784 379 1829 visse.
437 1783 496 1827 Et
535 1783 672 1828 nostri
708 1784 963 1828 Varroniani
1008 1783 1090 1828 loci
1135 1783 1362 1839 vestigium
1409 1784 1553 1829 nescio
1599 1797 1653 1828 an
1696 1785 1833 1830 altero

254 1853 393 1897 Verrii
423 1852 514 1897 loco
545 1856 764 1907 appareat,
797 1865 924 1907 quem
952 1853 1139 1896 servavit
1168 1852 1287 1897 Paul.
1318 1853 1436 1898 Diac.
1467 1866 1508 1907 p.
1545 1851 1625 1894 144
1655 1854 1713 1898 Μ.
1739 1866 1774 1898 s.
1793 1866 1831 1897 v.

253 1924 480 1967 maximam
508 1920 699 1966 multam.
759 1921 915 1966 Festus
947 1921 1057 1965 enim
1087 1935 1129 1977 p.
1156 1919 1239 1963 202
1270 1934 1302 1965 s.
1334 1934 1373 1966 v.
1404 1921 1553 1966 ovibus
1583 1922 1714 1966 trium
1742 1921 1835 1966 mil-

252 1990 355 2034 lium
385 1991 496 2034 aeris
525 1990 658 2034 fuisse
689 1990 866 2034 multam
896 1991 1010 2045 dicit,
1041 1990 1199 2034 Paulus
1229 1991 1256 2034 l.
1282 1990 1323 2044 1.,
1355 1990 1467 2035 sicut
1496 1990 1672 2046 Gellius,
1701 1992 1833 2034 trium

251 2058 427 2103 millium
476 2062 519 2103 et
566 2058 718 2113 viginti
762 2059 934 2103 assium.
1010 2059 1058 2102 L.
1089 2059 1210 2103 XXV
1258 2058 1312 2103 ad
1357 2062 1503 2114 partes
1535 2060 1721 2113 :vocatus
1764 2062 1831 2103 est

252 2141 279 2171 a
316 2124 458 2171 Gellio
488 2128 612 2171 XVII
642 2125 682 2183 3,
724 2133 763 2183 4,
809 2129 881 2183 qui
911 2129 1094 2173 sermoni
1124 2128 1209 2171 illic
1253 2134 1448 2183 narrato,
1493 2129 1531 2173 si
1562 2127 1664 2183 quid
1692 2127 1829 2182 video,

251 2196 461 2250 originem
505 2194 636 2240 dedit.
708 2195 835 2240 Certe
877 2196 1020 2240 omnia
1067 2199 1263 2252 spectant
1309 2197 1364 2240 ad
1412 2196 1669 2241 laudandum
1719 2196 1830 2241 Var-

248 2265 367 2309 ronis
401 2264 565 2315 locum,
622 2265 696 2320 qui
746 2265 874 2308 etiam
923 2266 977 2309 ad
1008 2265 1185 2310 Homeri
1233 2278 1426 2310 versumv
1453 2265 1495 2320 (ἕ
1535 2264 1580 2319 2)
1629 2265 1830 2319 respexit.

251 2333 311 2376 Et
340 2333 477 2389 sparti
506 2345 629 2378 usum
661 2345 712 2377 ex
741 2333 951 2388 Hispania
984 2334 1028 2378 in
1070 2333 1294 2378 Graeciam
1326 2335 1548 2378 transiisse
1578 2333 1621 2388 (ξ
1656 2333 1711 2387 l),
1743 2345 1828 2377 non

249 2402 510 2457 disputantis
553 2401 708 2446 notitia
750 2400 833 2446 fuit
874 2402 951 2447 sed
993 2402 1210 2448 Varronis.
1281 2400 1305 2456 ἓ
1336 2401 1361 2443 5
1407 2402 1590 2446 Varroni
1635 2401 1828 2447 tribuere

239 2483 333 2539 >non
361 2470 514 2516 audeo.

390 2654 417 2694 ¹)
442 2651 559 2696 Quum
582 2652 794 2697 plerumque
817 2654 933 2689 Varro
956 2653 1086 2688 omisso
1111 2652 1345 2697 praenomine
1367 2653 1556 2700 laudetur,
1579 2654 1826 2691 admonendus

246 2713 304 2746 est
326 2708 456 2753 lector,
486 2719 533 2746 ne
555 2710 692 2754 passim
721 2709 823 2746 malit
852 2709 1053 2754 intelligere
1085 2710 1124 2744 P.
1152 2709 1363 2746 Terentium
1395 2710 1593 2747 Varronem
1620 2710 1826 2752 Atacinum,

249 2766 416 2812 specioso
456 2765 603 2809 quidem
634 2770 672 2803 et
710 2776 827 2812 prono
867 2776 989 2806 errore
1022 2766 1061 2802 in
1095 2765 1203 2803 rebus
1239 2767 1490 2813 geographicis
1531 2767 1628 2805 velut
1661 2766 1696 2801 X
1730 2768 1763 2813 7,
1791 2768 1825 2801 2.

254 2822 448 2861 Atacinum
471 2821 609 2860 Gellius
631 2827 696 2861 ant
716 2834 898 2871 nunquam
919 2823 968 2862 ad
990 2827 1114 2871 partes
1137 2824 1277 2862 vocavit
1298 2828 1364 2862 aut
1384 2835 1408 2862 a
1430 2829 1555 2863 nostro
1575 2823 1824 2870 sep-raviam.
