2098 3256
873 156 1161 204 ...93-

734 296 815 347 35.
885 291 1051 348 Velius
1086 298 1293 362 Longus,

244 432 265 449 -,
369 376 515 456 Velius
543 399 719 455 Longus
747 400 1063 455 grammaticu8‚
1094 404 1213 445 cuius
1243 400 1455 458 hodieque
1483 403 1627 446 exstat
1655 400 1711 446 de
1740 413 1810 445 or-

227 466 505 528 thossmphia
513 468 643 524 liber,
679 469 866 519 occurrit
893 469 1007 525 apud
1037 468 1222 514 Gellium
1250 470 1396 515 XVIII
1424 468 1465 525 9,
1496 470 1535 513 4.
1594 469 1679 515 Ubi
1708 469 1811 515 licet

98 526 136 611 ss
194 524 197 527 ’
227 535 407 597 βψω
422 550 522 583 eum
550 550 636 583 ιιοιι
663 538 758 593 ipse
786 538 910 593 citet,
950 538 1027 583 sed
1056 539 1207 583 doctus
1237 539 1410 594 quidam
1439 540 1623 595 amicus,
1661 542 1808 583 tamen

165 665 172 672 ι
227 618 322 658 mn
352 604 635 657 dubitandum
675 608 764 660 est,
801 606 903 661 quin
943 605 1074 650 fuerit
1107 607 1153 650 in
1182 605 1309 650 Gellii
1346 606 1556 651 manibus.
1613 606 1806 650 Titulum

227 673 327 724 libri
357 672 523 721 Gellius
551 677 771 730 nuncupat
799 674 860 719 de
888 687 981 720 usu
1011 673 1262 731 antiquae
1298 675 1580 731 lectioniS,
1625 676 1699 731 qui
1728 687 1807 731 per

132 789 135 792 ,
226 753 324 796 8886
351 742 470 787 solus
492 754 673 804 gnancus
702 743 873 799 quidem
902 743 958 786 ad
987 743 1328 797 cognoscendum
1365 742 1463 787 libri
1492 747 1804 799 argumentum,

146 829 154 834 ’·
226 805 378 864 diserti
406 812 642 857 testimonii
678 813 792 869 vices
823 812 988 868 explet,
1028 812 1066 856 si
1102 824 1197 856 oum
1237 808 1479 868 fragmento
1518 815 1802 867 comparatur.

225 875 460 935 auserim
487 881 611 935 enim,
652 882 832 936 inseque
860 881 975 936 apud
1004 881 1210 935 Ennium,
1251 885 1394 925 utrum
1423 893 1503 936 per
1532 893 1561 936 q
1589 893 1646 925 an
1673 893 1752 936 per
1781 892 1805 925 c

224 948 415 1005 litteram
444 949 605 993 rectius
635 949 859 993 scribatur.
917 949 1040 993 Unde
1070 950 1164 992 luce
1194 949 1351 1011 clarius
1381 952 1576 1004 apparet,
1607 949 1803 992 docuisse

224 1011 392 1064 veliam
419 1016 501 1062 hoc
528 1016 637 1062 libro
667 1018 722 1062 de
752 1017 899 1062 eadem
928 1016 1154 1072 disciplina
1184 1015 1539 1072 orthographica,
1576 1015 1698 1060 cuius
1726 1028 1805 1061 nos

223 1088 455 1144 praecepta
482 1086 527 1129 in
554 1086 751 1130 manibus
782 1089 988 1130 tenemus.
1029 1084 1257 1129 Difficilius
1287 1086 1523 1129 diiudicatu
1553 1088 1633 1137 est,
1664 1097 1802 1140 quan·

223 1153 495 1210 timcapitis
524 1157 690 1210 partem
721 1155 761 1200 ei
790 1154 1043 1200 tribuamus,
1101 1154 1229 1199 Ennii
1272 1153 1443 1211 quidem
1480 1165 1629 1199 versus
1665 1151 1722 1198 ab
1751 1165 1803 1198 eo

224 1220 382 1276 allatos
408 1222 555 1277 fuisse,
585 1226 735 1277 aperte
764 1223 978 1278 proditur;
1015 1223 1088 1278 qui
1120 1235 1251 1278 quum
1280 1235 1365 1266 non
1394 1223 1534 1267 minus
1563 1235 1694 1278 quam
1723 1222 1805 1266 Ga-

216 1290 336 1343 ,tonis
365 1291 484 1335 loeus
512 1289 740 1347 prafinissi
770 1293 869 1346 sint,
901 1293 1026 1347 quasi
1056 1305 1083 1336 a
1102 1292 1395 1348 grammatico,
1427 1304 1554 1347 quem
1582 1292 1802 1347 disputan·

222 1362 312 1408 tem
350 1360 517 1405 induxit
554 1364 723 1417 noster,
767 1362 809 1405 in
839 1362 1136 1418 quaestionem
1179 1362 1343 1411 vocati,
1387 1362 1533 1406 nescio
1569 1374 1624 1406 an
1654 1360 1802 1406 Velius

222 1430 353 1482 etiam
382 1428 591 1490 Catonem
616 1431 867 1485 laudaverit.
927 1430 1006 1475 Oui
1043 1429 1325 1475 confidentius
1362 1431 1531 1480 cedam,
1577 1442 1688 1486 quae
1717 1428 1742 1484 ἕ
1772 1427 1801 1469 4

221 1488 415 1555 exstant,
458 1510 712 1555 quamquam
752 1499 806 1544 de
845 1498 1124 1554 grammatico
1165 1510 1278 1543 nexu
1318 1499 1613 1544 controversia
1640 1498 1803 1543 moveri

172 1618 176 1621 ,
221 1568 381 1620 potest.
468 1567 655 1612 Possunt
697 1569 809 1613 enim
852 1569 982 1612 etiam
1024 1569 1080 1612 ad
1124 1569 1337 1613 eruditum
1380 1568 1594 1612 homiuem
1651 1571 1802 1612 contra

222 1627 545 1691 grammaticum
572 1637 851 1682 disserentem
878 1637 1099 1681 enuntiata
1127 1636 1200 1681 illa
1229 1635 1403 1682 referri:
1446 1636 1656 1692 ¹‚ideoque
1684 1649 1712 1680 a
1730 1648 1803 1681 ve-

226 1695 433 1761 ,sei-ibus,
478 1718 586 1762 quas
631 1707 899 1752 narrationes
944 1705 1155 1752 dicimus,
1210 1720 1274 1761 ..ς
1319 1706 1554 1750 Varronem
1598 1709 1795 1762 quoque·

220 1785 258 1818 e.
289 1785 331 1829 q.
360 1786 393 1818 s.
464 1775 549 1820 Sed
593 1775 699 1820 nihil
741 1776 831 1821 fere
874 1788 945 1821 res
990 1787 1052 1820 eo·
1086 1778 1292 1819 mutatur.
1350 1775 1501 1820 Altero
1544 1774 1671 1818 modo
1714 1774 1801 1817 ista

219 1839 331 1889 Velii
359 1841 516 1900 fuisse,
561 1848 727 1890 certum
766 1844 904 1901 esset,
949 1844 1087 1890 altero
1123 1844 1359 1901 probabile.
1417 1844 1484 1890 De
1520 1840 1798 1900 sequentibus

216 1910 409 1957 iudicare
438 1925 522 1957 non
550 1925 791 1968 possumus,

706 2031 785 2079 36.
855 2031 1020 2080 Aelius
1054 2030 1295 2079 Μ61188ιι8.

355 2129 423 2175 Ad
454 2141 550 2175 eum
579 2130 880 2178 illustrandum
910 2131 1094 2177 Gellium
1133 2130 1317 2177 laudabo
1347 2129 1493 2176 XVIH
1522 2128 1572 2176 6:
1625 2128 1797 2186 ,Aelius

222 2198 447 2253 ¹,Melissus
490 2200 536 2244 in
575 2205 723 2246 nostra
762 2202 965 2246 memoria
1003 2200 1088 2245 fuit
1115 2201 1277 2245 Romae
1314 2201 1466 2245 summi
1506 2199 1677 2255 quidem
1712 2199 1797 2243 loci

163 2261 165 2263 ’
218 2266 358 2317 ‚inter
394 2270 696 2325 grammaticos
735 2271 779 2316 id
818 2271 1046 2326 temporis;
1093 2270 1170 2315 sed
1199 2270 1362 2314 maiore
1389 2270 1435 2325 in
1462 2269 1582 2314 libris
1611 2271 1707 2313 erat
1733 2268 1796 2313 ia·

220 2338 405 2390 „etantia
443 2341 487 2382 et
526 2337 749 2396 σοφιστείᾳ
785 2352 912 2394 quam
953 2338 1122 2395 opera.“
1186 2339 1253 2382 Ad
1293 2345 1437 2394 partes
1472 2341 1649 2382 vocatur
1685 2336 1795 2381 liber

215 2404 276 2450 de
313 2406 637 2461 proprietate
672 2408 946 2463 loquendi,
992 2408 1113 2453 cuius
1150 2407 1338 2451 studium
1369 2408 1435 2451 vel
1465 2420 1518 2451 ex
1545 2406 1794 2451 laudatione

216 2473 491 2529 conspicuum
521 2478 602 2521 est.
661 2475 802 2521 Debet
831 2476 869 2520 ei
901 2471 1085 2529 Gellius,
1131 2475 1174 2519 ni
1202 2474 1348 2529 fallor,
1394 2475 1526 2520 etiam
1569 2474 1793 2531 Pomponii

214 2542 470 2589 mentionem
514 2542 538 2600 ἓ
583 2542 623 2589 6.
698 2543 793 2588 Hoc
836 2543 945 2588 libro
988 2542 1210 2588 Melissum
1253 2542 1307 2587 de
1351 2542 1610 2599 etymologia
1654 2542 1794 2599 egisse

213 2608 374 2662 Lei-soh
412 2612 595 2658 coniecit
633 2610 741 2657 Phil,
779 2611 879 2668 ling.
919 2615 1023 2659 vett.
1068 2611 1135 2657 111
1171 2624 1210 2667 p
1258 2610 1337 2654 152
1372 2618 1462 2658 not.
1535 2612 1616 2658 Cui
1660 2615 1794 2664 recte,

212 2673 368 2735 credo,
384 2680 637 2728 adversatus
668 2684 736 2728 est
765 2680 1038 2730 Graefenhan
1066 2681 1128 2726 IV
1154 2693 1196 2737 p.
1228 2679 1336 2737 2173
1382 2682 1499 2738 quod
1527 2686 1669 2728 autem
1697 2682 1793 2737 ipse

216 2747 418 2804 opinatus
446 2752 549 2805 ost,
558 2750 614 2796 de
641 2750 840 2807 analogia
866 2750 912 2795 in
941 2762 991 2795 eo
1020 2750 1288 2805 disputatum
1314 2749 1462 2802 fuisse,
1491 2751 1624 2797 multo
1652 2750 1795 2797 minus

219 2815 376 2873 probo.-
432 2818 682 2866 Reclamant
719 2820 837 2867 euim
869 2824 926 2866 et.
949 2819 1237 2876 fragmentum
1275 2824 1322 2866 et
1351 2820 1489 2866 ’Gellii
1542 2819 1650 2866 orba
1685 2819 1711 2878 5
1741 2817 1795 2867 3:
