2098 3256
885 143 1172 187 -57-

242 260 410 315 passive
440 263 760 316 usurparentur.
819 259 1008 313 Quorum
1038 262 1181 304 utrum
1211 260 1334 315 plura
1359 259 1516 305 debeat
1544 258 1732 315 Nigidio,
1763 272 1819 303 an

139 354 142 357 ·
172 362 175 366 »
240 340 296 374 ne
324 327 437 374 hunc
462 330 632 386 quidem
661 329 816 384 locum,
846 328 1069 373 diiudicari
1098 341 1183 372 non
1213 332 1366 383 potest.
1424 328 1608 373 Nonium
1637 328 1819 372 vidimus

242 399 283 452 p.
313 396 363 439 31
400 400 444 441 et
472 398 639 453 reliqua
668 401 714 441 et
742 396 970 452 Nigidiano,
1005 396 1135 441 verba
1163 401 1378 451 repetere:
1424 398 1499 441 sed
1530 395 1635 440 nihil
1664 397 1702 440 is
1731 408 1820 439 mo·

242 464 375 511 menti
402 464 544 521 habet,
587 466 660 522 qui
690 478 769 510 sua
809 477 860 509 ex
896 468 1046 510 nostro
1082 465 1287 509 hauserit.
1346 466 1495 521 Neque
1534 478 1683 510 ansam
1722 477 1820 509 con-

241 535 429 579 iecturae
459 534 637 589 praebet
665 534 852 584 Servius,
883 546 1012 589 quum
1032 536 1251 578 auctorem
1281 546 1365 578 non
1386 534 1599 579 addiderit
1628 535 1683 579 ad
1712 534 1819 578 Aen.

242 603 302 647 IV
334 602 409 657 723
439 603 480 648 X
510 601 606 657 706,
652 603 791 647 minus
822 604 951 647 etiam
980 602 1192 656 Isidorus,
1239 603 1310 657 qui
1341 602 1532 647 Servium
1573 603 1821 657 compilavit

243 671 376 727 origg.
405 672 446 715 X
479 670 572 725 102,
612 670 652 714 X
686 669 765 712 142
796 670 931 724 Lind„
949 692 1003 700 —
1044 671 1111 714 Ad
1148 671 1473 714 commentarios
1515 672 1817 725 grammaticos

243 740 371 784 etiam
411 740 614 784 Hertzius
655 739 807 783 retulit
850 739 966 794 (Nig.
1006 739 1101 793 Fig.
1132 752 1172 793 p.
1204 738 1278 792 46)
1322 751 1432 793 quae
1459 738 1666 792 ,Nigidius
1705 739 1818 793 apud

242 806 426 852 Gellium
454 808 495 851 X
525 807 589 862 11,
622 809 646 849 2
678 808 731 851 de
761 820 800 852 v.
820 811 1013 851 maturus
1043 807 1248 862 disputat.
1306 807 1430 851 Addo
1461 805 1485 862 ς
1513 804 1552 856 3,
1582 806 1646 851 rei
1675 811 1821 851 tamen

232 877 385 931 ‘potius
421 876 784 931 probabilitatem,
831 888 958 931 quam
998 876 1192 921 Servium
1230 878 1426 930 secutuS,
1472 876 1544 930 qui
1581 875 1635 919 ad
1666 875 1820 929 Georg.

242 945 264 988 I
284 942 368 986 260
387 944 492 989 haec
507 948 722 1000 tamquam
744 945 902 1000 Nigidii
923 944 1286 989 continuationem
1307 944 1456 998 assuit,
1471 943 1539 987 vd.
1552 955 1684 997 supra
1700 956 1739 997 p.
1751 940 1819 986 28.

242 1014 425 1058 Restant
453 1013 538 1057 duo
567 1013 668 1057 loci:
712 1014 774 1057 XI
794 1008 871 1068 il,
912 1013 998 1067 ubi,
1040 1025 1150 1067 quae
1180 1012 1340 1068 Nigidii
1371 1013 1470 1066 sint,
1512 1011 1635 1056 facile
1665 1012 1822 1056 discer-

242 1094 344 1136 nas,
389 1085 433 1125 et
475 1082 580 1125 XIII
629 1081 692 1135 10,
732 1080 759 1121 4
778 1081 822 1135 ¹),
866 1082 938 1124 ubi
977 1081 1123 1124 fratris
1163 1081 1446 1135 veriloquium
1483 1093 1536 1124 ex
1581 1093 1632 1123 eo
1678 1086 1820 1123 trans-

244 1148 449 1204 scriptum
489 1152 568 1192 est.
626 1148 747 1193 Haec
791 1153 892 1192 sunt
935 1148 1333 1192 commentariorum
1377 1148 1540 1203 Nigidii
1583 1147 1821 1203 fragmenta

244 1230 271 1261 a
289 1217 426 1261 Gellio
447 1218 607 1261 diserte
623 1217 677 1260 ad
696 1217 814 1261 illum
829 1217 980 1261 relata.
1029 1216 1217 1268 Quorum
1237 1221 1384 1260 tantae
1407 1216 1670 1260 multitudini
1690 1228 1821 1260 unum

244 1288 288 1330 et
316 1284 500 1330 alterum
520 1284 618 1329 addi
648 1297 776 1340 posse
797 1287 1128 1329 consentaneum
1159 1287 1238 1334 est,
1270 1287 1319 1328 ut
1349 1285 1506 1329 omisso
1529 1285 1721 1346 auctoris*
1748 1297 1821 1328 no·

242 1354 354 1398 mine
384 1366 411 1397 a
440 1352 577 1397 Gellio
609 1356 873 1408 usurpatum.
932 1353 1027 1405 Qua
1055 1353 1099 1396 in
1128 1366 1175 1396 re
1204 1354 1337 1396 multo
1366 1354 1496 1397 etiam
1524 1354 1660 1408 magis
1693 1364 1821 1408 quam

243 1422 287 1465 in
317 1422 511 1466 Varrone
537 1421 715 1465 aliorum
745 1422 1003 1482 scriptorum
1032 1420 1188 1466 auxilio
1210 1422 1407 1466 destituti
1437 1434 1599 1466 sumus.
1658 1421 1824 1476 Quippe

242 1490 449 1534 Varronis
478 1489 589 1533 enim
618 1488 729 1544 libri,
760 1492 809 1533 ut
839 1488 1003 1533 Gellius
1033 1489 1095 1533 ait
1123 1489 1225 1533 XIX
1259 1487 1323 1543 14,
1356 1488 1382 1530 2
1412 1491 1453 1535 in
1486 1490 1714 1545 propatulo
1744 1489 1827 1534 fre-

242 1558 477 1614 quentique
506 1570 589 1602 usu
617 1557 879 1614 ferebantur,
909 1558 1068 1614 Nigidii
1100 1562 1243 1604 autem
1274 1572 1358 1603 non
1388 1560 1567 1614 proinde
1597 1561 1640 1604 in
1672 1559 1823 1615 volgus

243 1627 428 1673 exibant.
486 1628 647 1681 Quodsi
677 1629 828 1684 magis,
864 1641 992 1683 quam
1021 1628 1212 1673 dolemus
1241 1628 1400 1673 factum
1431 1641 1545 1684 esse,
1590 1630 1636 1673 in
1664 1629 1824 1684 Nigidii

243 1697 414 1752 scriptis
444 1698 816 1751 grammaticorum
847 1709 978 1751 opera
1007 1697 1214 1741 collocata
1242 1697 1415 1751 fuisset,
1448 1698 1534 1752 lux,
1565 1698 1706 1751 credo,
1736 1697 1823 1741 cla-

243 1766 332 1809 rior
360 1765 504 1809 multis
535 1765 663 1810 Gellii
692 1766 796 1811 locis
826 1764 1065 1821 affulgeret.
1125 1765 1296 1810 Liceret
1319 1765 1507 1811 fortasse
1537 1767 1590 1810 de
1619 1766 1714 1810 loco
1736 1777 1820 1809 me·

244 1833 438 1878 motabili
469 1837 526 1881 et,
557 1837 605 1877 ut
633 1834 815 1887 videtur,
847 1835 1115 1889 antiquitatis
1144 1835 1270 1889 pleno
1299 1835 1343 1878 Π
1373 1833 1399 1875 3
1430 1835 1587 1879 certius
1619 1834 1822 1879 iudicare·

244 1900 328 1946 Ubi
359 1913 470 1956 quae
500 1901 552 1945 de
583 1902 844 1956 aspiratione
884 1902 1069 1946 occurrit
1108 1902 1250 1958 opinio
1281 1902 1509 1957 singularis
1522 1937 1533 1958 ,
1574 1916 1600 1947 a
1629 1903 1824 1946 Varrone

246 1969 386 2014 aliena
424 1970 494 2026 (cf.
526 1970 767 2016 charisium
797 1984 837 2026 p.
867 1969 923 2013 56
951 1971 997 2015 P.
1030 1969 1105 2023 73,
1141 1970 1191 2012 17
1212 1970 1302 2026 Κ.),
1345 1973 1481 2027 magis
1520 1972 1690 2016 videtur
1729 1983 1825 2015 con-

245 2038 390 2082 venire
421 2038 606 2093 Nigidio,
649 2039 722 2093 qui
753 2038 1061 2083 elementorum
1091 2040 1158 2082 vel
1189 2039 1369 2083 maxime
1399 2040 1609 2084 rationem
1638 2039 1828 2083 babebat

246 2105 367 2161 (XIX
406 2104 470 2160 14,
512 2104 570 2161 6),
615 2118 738 2150 voces
769 2105 897 2163 φύσει
928 2110 1045 2151 ortas
1090 2107 1310 2151 statuebat
1349 2108 1405 2162 (X
1445 2107 1485 2158 4,
1525 2119 1650 2163 quem
1689 2106 1827 2151 locum

246 2174 368 2219 adire
397 2186 555 2228 operae
584 2174 771 2228 pretium
800 2178 899 2230 est),
942 2176 1248 2229 aspirationem
1286 2188 1372 2219 non
1402 2176 1589 2230 neglexit
1618 2174 1741 2230 (XIII
1769 2173 1828 2229 6).

247 2241 362 2286 Fieri
391 2240 571 2286 forsitan
600 2244 771 2297 posset,
811 2245 861 2286 ut
895 2242 1094 2297 „idoneos
1124 2256 1276 2288 vocum
1306 2245 1579 2299 antiquarum
1610 2246 1831 2287 enarrato-

247 2315 343 2354 res“
376 2309 522 2354 XVIII
551 2308 591 2360 6,
625 2309 649 2349 7
679 2309 833 2354 melius
861 2310 1206 2365 intelligeremus.
1268 2311 1513 2355 Matronam
1542 2312 1654 2356 enim
1683 2324 1711 2355 a
1739 2323 1829 2355 ma-

247 2382 314 2424 tre
343 2381 388 2424 et
416 2379 554 2423 omine
578 2377 802 2423 confictam
822 2379 1078 2434 existimare,
1110 2381 1252 2425 nescio
1282 2393 1336 2424 an
1368 2380 1459 2424 eius
1491 2380 1561 2435 sit,
1590 2380 1664 2435 qui
1691 2379 1831 2425 frater

249 2460 274 2491 e
301 2446 474 2492 vocibus
493 2445 583 2490 fere
614 2449 658 2490 et
687 2447 797 2491 alter
817 2448 1133 2502 conglutinaret
1163 2451 1208 2491 et
1239 2447 1348 2491 hanc
1373 2447 1591 2492 derivandi
1621 2449 1832 2494 rationem

248 2519 421 2571 praeter
450 2518 617 2560 ceteros
648 2518 914 2571 sequeretur.
945 2515 998 2561 cf.
1027 2516 1163 2561 Hertz
1193 2516 1289 2570 Nig.
1319 2516 1411 2570 Fig.
1442 2528 1483 2571 p.
1515 2515 1585 2561 20.

267 2592 270 2595 ’
384 2580 676 2629 Eximendum
704 2586 756 2629 de
796 2597 971 2629 numero
1015 2585 1201 2631 locorum
1247 2598 1299 2629 ex
1342 2586 1437 2640 ipso
1478 2585 1652 2642 Nigidio
1693 2590 1832 2631 trans·

394 2745 423 2789 ¹)
446 2745 583 2782 Dubito
607 2755 655 2782 an
678 2748 776 2783 recte
792 2743 1014 2782 Mercklinus
1037 2755 1071 2790 p.
1090 2745 1155 2782 653
1179 2744 1275 2782 hunc
1303 2745 1439 2792 Nigidii
1454 2745 1575 2783 locum
1599 2757 1644 2783 ex
1662 2745 1832 2782 Labeone

249 2803 364 2841 altero
387 2802 465 2840 eius
489 2801 620 2848 capitis
644 2805 795 2839 auctore
818 2801 1001 2839 derivarit.
