2098 3261
237 240 355 287 dicat
392 239 647 287 declinatum
687 252 784 286 esse
822 254 851 286 a
891 238 1000 286 veho
1041 212 1181 286 forma
1222 239 1551 298 frequentativa.
1623 239 1820 300 Eadm
1914 227 1921 232 ⁴

236 322 415 366 prorsus
455 309 709 354 sentent-iam
748 308 883 354 edidit
922 307 1087 353 Probus
1126 320 1196 365 ap.
1227 308 1345 356 Serv.
1385 309 1441 354 ad
1469 309 1617 356 Bucol.
1647 308 1710 356 VI
1731 304 1829 377 7⁵2:

241 377 389 437 „Quod
411 376 578 423 Probus
608 377 710 422 vult
726 377 808 424 hac
836 379 1004 424 ratione
1032 376 1261 425 defendere
1276 378 1435 435 dicens,
1448 386 1644 433 νσκιαρο
1669 378 1820 436 venire
1872 423 1876 426 ,
1912 409 1932 425 ψ,

240 447 320 504 „ab
350 459 415 502 eo,
456 446 571 502 quod
601 449 667 490 est
697 450 833 503 vecto,
868 445 990 503 vebo,
1020 458 1141 498 vexo,
1173 449 1223 491 ut
1250 459 1429 493 vexasse
1457 446 1517 492 sit
1543 449 1763 503 portasse:
1773 448 1821 504 ‚a

237 517 356 572 ¹,siue
384 515 514 561 dubio
544 527 625 571 pro
654 515 834 561 arbitrio
865 528 944 561 suo
965 514 1210 560 evertisse!
1257 515 1378 570 Quae
1406 518 1646 573 sequuntur
1671 514 1819 573 νοτῃ,
1903 562 1908 565 ,
1953 570 1956 571 ⁷

232 587 483 640 pertaesum
513 588 581 629 est
610 584 871 640 adscribere,
908 597 1040 641 quum
1070 584 1185 640 apud
1215 584 1399 630 Gellium
1429 584 1578 631 eadem
1607 583 1819 643 legunt.

232 653 451 710 Exemplis
482 656 627 700 autem
656 652 786 700 Gellii
815 652 981 700 duobus
1011 652 1036 711 ἓ
1067 653 1093 697 7
1124 656 1170 699 et
1197 651 1251 706 8,
1294 667 1323 699 a
1351 654 1501 700 Servio
1539 654 1717 709 tertium
1740 653 1819 701 ‘nd-

232 722 369 766 ditum
398 727 479 773 esst.
536 723 802 778 Recordare,
841 735 1023 778 quaeso,
1063 735 1174 780 quae
1202 723 1256 768 de
1285 722 1368 769 hoc
1394 723 1489 769 loco
1518 722 1607 768 dixi
1636 721 1693 768 sd
1721 720 1820 776 Stlt-

228 790 346 836 vium
375 790 399 848 ξ
430 789 472 847 8,
517 791 603 841 ubi,
649 805 761 848 quae
790 795 974 849 uterque
1003 793 1153 838 iisdem
1182 793 1323 838 verbis
1353 792 1547 843 disserit,
1593 801 1647 838 ex
1676 786 1817 839 Gellio

232 860 492 906 derivabam.
561 861 714 917 Neque
757 864 903 906 tamen
948 874 1000 906 eo
1044 861 1244 912 consilio,
1275 864 1339 905 ut
1376 861 1593 907 Valerium
1631 859 1818 915 Probum
1908 899 1910 901 .
2000 910 2014 923 ὅ

233 927 375 973 Gellio
405 930 624 974 auctorem
653 928 790 974 fuisse
828 942 1029 983 negarem
1043 962 1054 983 ‚
1100 930 1175 974 sed
1215 941 1345 984 quum
1385 941 1459 984 ea,
1503 941 1615 986 quac
1641 928 1836 982 Servius>

233 996 374 1041 Probo
403 996 568 1052 tribuit,
608 996 752 1053 quoad
781 998 965 1052 genuina
994 996 1131 1041 Servii
1159 995 1355 1041 habenda
1383 998 1506 1052 sunt,
1545 1009 1641 1041 cum
1667 998 1817 1049 nostre

233 1078 282 1110 re
311 1065 451 1120 magis
481 1077 611 1120 quam
639 1064 782 1108 verbis
812 1065 1075 1117 conveniant,
1121 1063 1306 1118 Gellius,
1353 1064 1464 1108 sicut
1491 1063 1586 1120 ille,
1629 1063 1818 1110 Probum
1891 1083 1899 1089 ·
2026 1061 2061 1106 ἓ

233 1136 408 1178 secutus
438 1144 537 1178 esse
565 1132 746 1178 videtur.
805 1132 1023 1187 Quantum
1066 1135 1212 1178 autem
1256 1132 1318 1178 illi
1362 1132 1538 1191 debeat,
1581 1145 1633 1179 eo
1674 1134 1816 1187 miuus

233 1202 401 1249 definiri
418 1205 577 1266 potest,
608 1203 711 1258 quia
728 1215 784 1247 ne
803 1206 1065 1258 compertum
1095 1202 1267 1258 quidem
1297 1205 1378 1258 est,
1406 1214 1492 1259 quo
1512 1214 1566 1248 ex
1583 1201 1697 1255 libro,
1710 1202 1818 1252 haec

231 1275 403 1328 sumpta
433 1271 531 1316 sint
590 1271 654 1316 Ac
682 1272 877 1317 Servium
906 1272 1077 1329 quidem
1105 1272 1197 1317 veri
1226 1272 1486 1317 simillimum
1516 1267 1607 1324 est,
1650 1272 1696 1321 in
1725 1272 1816 1321 ad*

228 1341 389 1386 notatis
421 1340 551 1386 Probi
582 1341 637 1386 ad
665 1341 904 1397 Vergilium
935 1341 1041 1386 haec
1070 1343 1297 1397 invenisse,
1327 1353 1510 1398 quorum
1540 1353 1670 1398 quum
1698 1335 1816 1390 nulla

232 1410 349 1465 apud
378 1408 562 1455 Gellium
597 1410 756 1454 mentio
796 1408 892 1465 fiat,
936 1410 1049 1454 idem
1093 1411 1146 1454 de
1189 1423 1240 1455 eo
1285 1407 1530 1456 existimare
1573 1422 1659 1455 uon
1703 1411 1817 1458 licet.

231 1477 421 1524 Facilius
452 1479 636 1535 credam,
667 1479 781 1535 quod
812 1491 946 1535 supra
975 1479 1020 1524 in
1049 1480 1188 1525 altero
1217 1480 1311 1525 loco
1331 1477 1512 1536 Vergilii
1530 1478 1691 1526 factum
1719 1490 1816 1530 esse

231 1548 433 1602 vidimus,
464 1561 492 1593 a
520 1547 719 1593 familiari
748 1561 847 1593 eum
875 1541 1107 1604 accepisse.
1137 1572 1192 1580 -
1222 1549 1290 1593 Ad
1318 1548 1552 1604 Vergilium
1582 1548 1814 1605 quoddam·

229 1617 356 1663 modo
377 1617 508 1663 etiam
529 1630 580 1663 ea
600 1618 830 1674 pertinent,
860 1630 970 1675 quae
992 1618 1188 1664 Valerius
1211 1617 1381 1665 Probus
1410 1617 1515 1663 XIII
1543 1616 1595 1661 21
1629 1617 1814 1678 exponit.

230 1686 403 1732 Testem
432 1690 549 1733 certe
577 1686 689 1733 huuc
719 1690 892 1744 poetam
921 1687 1146 1743 excitavit,
1191 1690 1240 1733 ut
1269 1687 1604 1743 demonstraret,
1647 1687 1692 1731 in
1725 1699 1819 1733 ser-5

228 1767 356 1800 mone
384 1755 549 1812 aliquid
578 1755 795 1800 interdum
824 1756 1011 1801 dandum
1041 1768 1137 1801 esse
1166 1754 1356 1800 auribus.
1415 1754 1522 1799 Eius
1563 1755 1814 1806 sententias.

229 1824 267 1869 si
297 1824 470 1880 quidem
499 1823 626 1870 Gellii
656 1825 900 1870 testimonio
929 1823 1036 1871 fides
1065 1824 1261 1871 habenda
1290 1828 1369 1880 est,
1409 1825 1602 1871 invenies
1631 1823 1657 1882 ἐ
1692 1821 1813 1871 1-8.

226 1893 377 1950 Neque
407 1894 445 1938 si
474 1906 626 1940 revera
655 1894 820 1940 Gellius
849 1895 956 1940 haec
985 1909 1013 1940 a
1040 1894 1240 1940 familiari
1270 1894 1432 1940 Valerii
1462 1893 1591 1939 Probi
1631 1893 1812 1949 accepit,

226 1962 325 2018 plus
365 1962 597 2008 memoriae
634 1962 750 2008 illius
789 1962 977 2009 tribuere
1007 1966 1340 2011 consentaneum
1368 1965 1448 2009 est.
1508 1961 1710 2019 Alioquin
1739 1974 1814 2008 au-

228 2033 315 2076 tem
345 2029 466 2076 locus
495 2031 558 2076 ita
586 2034 861 2087 comparatus
890 2035 982 2088 est,
1027 2036 1077 2077 ut
1112 2033 1150 2077 si
1190 2032 1411 2078 discedere
1447 2031 1600 2076 liceret
1628 2043 1656 2075 a
1684 2030 1822 2076 Gellii

226 2099 489 2154 testimonio,
521 2101 640 2144 totus
668 2099 804 2144 videri
833 2102 984 2156 posset
1014 2113 1068 2146 ex
1096 2098 1522 2147 commentationibus
1543 2097 1671 2145 Probi
1701 2109 1816 2145 sum·

228 2171 331 2223 ptus
361 2180 472 2214 esse.
523 2168 636 2213 Mira
664 2170 823 2226 quippe
853 2173 921 2215 est
949 2173 994 2215 et
1024 2171 1258 2216 similitudo
1290 2173 1336 2216 et
1364 2169 1653 2225 discrepantia
1670 2167 1825 2226 Nonii,

226 2250 261 2283 c.
291 2237 397 2310 VIII
425 2239 480 2284 de
508 2238 751 2285 indiscretis
781 2239 1010 2296 generibus
1040 2253 1119 2297 per
1144 2240 1331 2286 litteras.

489 2306 655 2353 Gellius
1165 2308 1332 2355 Nonius

329 2375 426 2421 finis
595 2376 620 2434 ξ
653 2376 706 2421 12
1021 2391 1062 2435 p.
1098 2376 1179 2423 139
1208 2391 1248 2424 a.
1276 2378 1433 2424 divers.
1463 2376 1643 2432 exempl.
1717 2381 1719 2383 ’
1781 2384 1784 2387 ·

330 2456 561 2500 cupressus
592 2446 617 2503 ᾗ
651 2446 703 2489 13
1019 2459 1061 2504 p.
1096 2445 1178 2491 132
1206 2446 1247 2493 b.
1278 2446 1430 2493 eodem
1462 2443 1640 2500 exempl.

328 2525 407 2558 aer
591 2514 617 2572 5
652 2514 705 2558 14
1021 2528 1063 2573 p.
1098 2515 1175 2560 131
1207 2528 1249 2563 a.
1279 2515 1436 2561 divers.
1465 2526 1530 2560 ex.

328 2581 469 2630 fretus
594 2583 619 2641 ἓ
654 2583 705 2627 15
1021 2597 1062 2641 p.
1097 2582 1178 2628 139
1207 2583 1249 2630 b.
1279 2584 1435 2630 divers.
1465 2594 1530 2628 ex.

328 2651 521 2721 tributus
593 2652 619 2710 g
652 2651 704 2696 19
734 2654 828 2700 sine
846 2666 910 2702 ex.
1023 2660 1064 2712 p.
1100 2653 1182 2699 156
1210 2653 1252 2700 b.
1283 2664 1379 2700 cum
1409 2664 1474 2698 ex.

327 2721 566 2768 arbitratus
596 2721 629 2789 9ν
655 2720 707 2766 19
736 2724 830 2771 sine
849 2737 914 2771 οκ.
1025 2737 1068 2781 p.
1102 2721 1184 2768 129
1212 2736 1250 2770 a.
1280 2727 1378 2770 cu'm
1408 2734 1473 2768 ex.

327 2789 442 2837 funis
594 2790 621 2850 ἓ
650 2789 703 2836 21
1021 2806 1065 2851 p.
1101 2790 1181 2838 139
1208 2793 1251 2840 b.
1282 2791 1431 2839 eodem
1461 2804 1525 2847 σκ.

2013 2443 2060 2452 ....

2022 2497 2056 2514 ,’«“’
