2098 3261
971 131 1257 176 -52—
1575 120 1605 157 *x

319 244 415 288 dem
446 243 501 288 ob
531 245 709 290 eandem
739 258 926 303 causam,
963 259 1092 303 quam
1122 251 1225 301 puto
1254 248 1565 303 gravissimam,
1611 247 1656 292 in
1686 248 1912 303 prioribus

317 312 431 357 illius
461 313 543 357 viri
572 314 832 359 coniecturis
863 316 1103 371 acquiesco.
1144 344 1147 345 ν
1654 347 1656 349 ψ
1807 360 1819 364 ,,

454 382 594 437 Pergo
634 382 690 425 ad
727 381 860 426 libros
900 383 1107 428 Varronis
1153 384 1216 427 de
1261 385 1455 440 poetis.
1514 384 1704 437 Quorum
1741 379 1923 440 primus'

316 450 521 496 laudatur
549 450 572 494 I
601 449 670 505 24,
701 449 741 494 3.
791 451 938 496 Trium
969 455 1193 507 poetarum
1225 453 1534 509 epigrammata
1564 467 1589 498 a
1619 452 1757 498 Gellio
1788 453 1905 499 exhi·

309 523 428 574 ‚nita
458 523 559 564 sunt
587 520 759 574 Naevii,
805 521 959 575 Plauti,
1006 522 1196 572 Pacuvii,
1241 522 1296 566 ad
1326 523 1468 567 Plauti
1504 522 1641 567 solum
1670 523 1906 568 Varronem

308 589 471 636 testem
502 589 704 635 excitavit
732 589 799 634 his
830 589 973 634 verbis
1008 590 1307 645 „Epigramma
1337 591 1494 651 Plauti,
1523 590 1637 646 quod
1666 590 1904 638 dubitasse·

313 671 448 713 „mus,
480 671 535 702 an
562 657 705 701 Plauti
735 657 861 711 foret,
892 658 975 701 nisi
1004 670 1031 701 a
1052 659 1111 701 M.
1132 659 1325 704 Varrone
1356 659 1542 713 positum
1573 661 1688 703 esset
1719 659 1765 703 in
1792 658 1902 706 libro

315 728 392 782 „de
437 726 578 781 poetis
622 723 797 781 primo.“
861 725 979 770 Haec
1024 726 1214 771 laudatio
1261 729 1428 771 tantum
1472 725 1616 781 abest,
1665 727 1804 772 solum
1850 732 1901 774 ut

308 795 451 839 Plauti
483 795 747 849 epigramma
776 806 802 838 a
822 794 1016 838 Varrone
1045 794 1284 849 profectum
1315 807 1410 839 esse
1440 795 1654 844 ostendat,
1685 799 1734 840 ut
1752 797 1898 842 nescio

308 862 521 918 quomodo
552 862 683 906 etiam
713 861 880 916 reliqua
911 874 962 905 ex
994 861 1142 906 eodem
1173 862 1290 907 fonte
1319 861 1493 906 fluxisse
1536 863 1708 917 innuat,
1759 860 1898 920 neque

308 931 457 976 dubito
490 930 699 986 equidem,
746 930 848 985 quin
879 931 952 986 qui
982 931 1226 975 Plautinum
1256 932 1401 987 posuit
1430 932 1483 975 de
1512 931 1652 987 poetis
1683 931 1897 978 Romano·
1933 922 1937 926 i

305 1012 401 1043 rum
440 999 670 1054 disputans
690 996 742 1052 ¹),
788 998 902 1042 idem
945 999 1074 1042 etiam
1104 999 1254 1044 Naevii
1296 1002 1340 1043 et
1371 999 1544 1044 Pacuvii
1573 1000 1787 1044 rationem
1815 1000 1894 1046 ha-

304 1068 459 1112 buerit.
520 1067 640 1111 Libri
670 1067 795 1121 primi
824 1067 878 1111 de
907 1068 1048 1122 poetis
1087 1068 1276 1111 studium
1308 1070 1488 1122 apparet
1518 1071 1745 1122 praeterea
1773 1069 1896 1115 XVII

306 1134 375 1191 21,
406 1135 482 1180 ubi
513 1135 536 1191 ξ
567 1132 624 1176 43
655 1147 708 1179 ex
737 1134 846 1180 libro
877 1136 1014 1191 primo
1045 1137 1098 1181 de
1127 1136 1277 1187 Enni0‚
1309 1134 1408 1192 §45
1440 1149 1493 1181 ex
1521 1134 1641 1181 libris
1671 1137 1725 1182 de
1752 1137 1895 1193 poetis

305 1206 361 1261 (si
391 1206 494 1260 quid
524 1204 661 1259 video,
693 1217 745 1248 ex
775 1205 925 1248 eodem
954 1205 1064 1248 libro
1094 1204 1251 1259 primo)
1282 1205 1335 1247 de
1354 1204 1515 1249 Naevio
1535 1205 1742 1249 Varronis
1762 1206 1895 1250 verba

302 1273 465 1317 laudat.
527 1271 646 1323 Quae
676 1283 934 1325 quamquam
963 1271 1007 1314 in
1038 1267 1373 1326 disputationem
1398 1283 1509 1316 nunc
1539 1282 1624 1314 non
1654 1272 1889 1325 admittam,

303 1353 638 1387 commemorare
681 1339 865 1395 placuit,
912 1343 961 1385 ut
1005 1341 1118 1385 viam
1157 1353 1355 1396 pararem
1399 1340 1681 1386 coniecturae.
1740 1340 1824 1386 XII
1864 1338 1892 1383 4

303 1411 600 1464 transscripsit
631 1409 794 1454 Gellius
824 1410 953 1454 Ennii
983 1410 1121 1454 locum
1161 1413 1210 1453 ut
1250 1422 1424 1465 gravem
1452 1412 1625 1465 praeter
1652 1412 1818 1455 ceteros
1848 1413 1892 1455 et

301 1482 542 1529 venustum,
573 1477 597 1534 ξ
628 1477 653 1519 5
686 1478 869 1523 addidit:
925 1478 994 1535 „L.
1024 1478 1194 1523 Aelium
1222 1477 1428 1523 Stilonem
1457 1478 1598 1524 dicere
1627 1477 1799 1523 solitum
1828 1477 1890 1525 fe-

307 1552 455 1605 „runt‚
502 1547 549 1599 Q.
594 1547 779 1590 Ennium
823 1547 876 1590 de
922 1550 1060 1591 semet
1103 1541 1213 1601 ipso‘
1242 1546 1349 1591 haec
1394 1547 1647 1601 scripsisse“
1697 1560 1734 1592 e.
1776 1560 1817 1603 q.
1859 1561 1893 1593 s.

301 1618 350 1661 L.
373 1616 486 1661 Aelii
516 1614 712 1669 magistri
741 1614 987 1659 testimonio
1009 1626 1139 1669 saepe
1169 1626 1294 1658 usum
1326 1626 1421 1659 esse
1441 1614 1678 1659 Varronem
1698 1618 1894 1682 constat;

300 1687 355 1730 de
384 1686 464 1729 hoc
493 1685 628 1739 igitur
657 1682 771 1726 ultro
802 1683 1054 1737 cogitamus.
1112 1683 1284 1727 Dictum
1313 1695 1414 1727 vero
1456 1682 1571 1727 illius
1612 1696 1692 1737 per
1732 1696 1892 1728 sermo·

299 1767 398 1798 nem
428 1755 650 1807 acceptum
680 1750 827 1794 dubito
859 1750 1020 1806 hercle,
1065 1764 1120 1795 an
1151 1765 1176 1795 a
1207 1763 1422 1807 quoquam
1452 1751 1536 1795 alio
1567 1763 1696 1807 quam
1727 1765 1754 1796 a
1784 1750 1894 1797 Var-

298 1835 406 1867 rone
435 1825 633 1876 repetere
663 1823 995 1864 consentaneum
1035 1821 1106 1864 sit.
1168 1821 1359 1874 Apparet
1398 1823 1562 1874 autem,
1609 1832 1738 1875 quam
1781 1820 1892 1865 bene

298 1891 404 1935 haec
435 1889 671 1945 disputatio
702 1888 785 1932 illis
817 1887 1124 1944 superioribus,
1155 1900 1262 1945 quas
1294 1901 1347 1933 ex
1367 1887 1476 1933 libro
1508 1888 1644 1944 primo
1678 1889 1731 1934 de
1750 1889 1890 1945 poetis

297 1960 535 2014 attulimus,
564 1959 801 2002 conveniat.
843 1958 1009 2012 Quippe
1038 1957 1193 2012 quibus
1225 1958 1420 2001 omnibus
1450 1958 1495 2001 id
1516 1958 1653 2011 egisse
1674 1958 1888 2013 videatur,

297 2032 347 2073 ut
390 2030 618 2083 poetarum
661 2025 774 2070 vitas
818 2037 1042 2081 moresque
1088 2038 1140 2069 ex
1184 2026 1375 2080 ipsorum
1421 2025 1594 2081 scriptis
1634 2024 1889 2071 illustraret.

298 2098 422 2150 Quod
453 2099 497 2141 et
527 2098 747 2139 testantur
776 2096 1098 2150 epigrammata,
1127 2095 1195 2138 vel
1225 2107 1355 2139 unum
1386 2094 1539 2139 saltem
1559 2095 1716 2149 Plauti,
1749 2097 1794 2140 et
1822 2107 1890 2139 re·

295 2167 403 2222 liqui
432 2165 529 2208 loco
558 2164 683 2208 XVII
713 2162 782 2215 21,
815 2161 893 2205 43:
930 2175 1134 2218 „eumque
1165 2162 1367 2219 (Ennium
1398 2163 1570 2217 scripsit
1599 2161 1758 2218 Varro)
1788 2173 1884 2207 cum

303 2234 554 2290 „septimum
583 2236 628 2277 et
659 2232 975 2286 sexagesimum
1006 2244 1164 2275 annum
1192 2231 1383 2286 haberet,
1429 2231 1725 2276 duodecimum
1754 2243 1883 2276 anna-

302 2303 409 2359 „lem
430 2301 667 2356 scripsisse,
699 2301 827 2356 idque
857 2301 1032 2355 ipsum
1061 2300 1285 2344 Ennium
1315 2301 1359 2344 in
1380 2300 1529 2345 eodem
1548 2299 1656 2345 libro
1677 2299 1881 2345 dicere‘

296 2370 319 2425 ξ
351 2370 430 2413 45:
488 2381 637 2425 „quem
679 2369 922 2424 (Naevium)
963 2368 1020 2411 M.
1051 2369 1188 2413 Varro
1228 2369 1273 2411 in
1310 2368 1432 2412 libris
1471 2368 1525 2411 de
1565 2369 1705 2422 poetis
1745 2368 1884 2423 primo

302 2438 541 2496 „stipendia
570 2437 724 2483 fecisse
755 2438 818 2482 ait
847 2437 968 2482 bello·
990 2430 1173 2482 Poenico
1203 2438 1361 2493 primo,
1403 2436 1530 2493 idque
1559 2437 1736 2493 ipsum
1765 2436 1888 2483 Nae-

297 2508 462 2557 „v1um
493 2507 694 2563 dicere,
724 2507 768 2551 in
799 2519 849 2551 eo
881 2507 1080 2562 carmine,
1121 2507 1235 2562 quod
1265 2506 1319 2551 de
1351 2506 1501 2551 eodem
1530 2504 1640 2550 bello
1670 2504 1879 2561 scripsit.-

293 2576 459 2630 Quibus
490 2576 680 2620 adducor
708 2575 855 2631 facile,
896 2578 945 2620 ut
974 2576 1012 2620 si
1042 2588 1126 2620 non
1157 2578 1297 2620 totum
1326 2575 1454 2620 Ennii
1482 2574 1622 2620 locum
1652 2598 1707 2606 —
1739 2585 1886 2630 quam-

435 2747 462 2792 ¹)
496 2746 557 2784 Ad
588 2748 654 2785 hos
688 2746 787 2783 solos
819 2746 1040 2792 pertinuisse
1074 2744 1186 2781 libros
1223 2745 1267 2782 de
1304 2744 1440 2790 poetis,
1478 2748 1643 2781 autumat
1664 2743 1809 2782 Bitschl
1831 2745 1882 2781 M.

290 2805 361 2845 Rh.
385 2804 438 2845 VI
460 2805 541 2842 51⁶.
1841 2832 1842 2835 Ἴ
1861 2817 1870 2834 ,1
