2098 3261
193 966 293 1059 Qui
319 998 484 1045 mecum
513 1000 658 1049 sentit,
689 999 984 1055 quaestionem
1012 998 1065 1041 de
1084 997 1274 1042 fontibus
1305 997 1433 1042 Gellii
1463 997 1517 1042 ab
1546 997 1681 1052 ipsius
1710 1001 1773 1041 te-

190 1068 399 1124 stimoniis
426 1068 471 1112 in
496 1066 738 1112 liberiorem
771 1078 965 1120 campum
990 1077 1085 1110 esse
1105 1066 1445 1121 producendam3
1476 1078 1608 1121 prave
1627 1068 1772 1110 autem

189 1138 360 1192 videtur
399 1136 582 1190 sentire,
622 1136 696 1192 qui
732 1135 977 1179 dissentiat:
1017 1135 1056 1178 ei
1092 1134 1318 1189 probatum
1357 1135 1412 1178 iri
1442 1132 1618 1188 confido,
1660 1135 1699 1178 si
1728 1135 1773 1177 in

188 1205 345 1261 limine,
375 1217 462 1259 qua
491 1205 657 1249 ratione
684 1205 728 1248 in
747 1203 999 1247 adhibendis
1027 1204 1274 1247 auctoribus
1303 1216 1407 1247 usus
1427 1205 1498 1258 sit,
1529 1204 1773 1248 summatim

190 1266 410 1327 disseram.
469 1271 606 1325 Quam
636 1272 747 1317 enim
777 1271 912 1326 viam,
950 1270 1130 1315 salutari
1161 1283 1256 1315 cum
1288 1271 1576 1316 admonitione
1606 1274 1771 1321 nostra,

188 1340 444 1400 Qirk—senius
465 1340 685 1397 ingressus
706 1344 786 1393 est,
807 1339 849 1382 in
870 1338 937 1382 his
959 1351 1070 1394 quae
1093 1338 1148 1382 ad
1169 1339 1236 1383 ius
1257 1340 1473 1394 pertinent
1491 1339 1704 1394 capitibus
1724 1338 1771 1393 ¹),

191 1409 370 1458 eandem
398 1420 480 1465 nos,
494 1420 815 1464 persequemur:
847 1407 996 1462 paucis
1022 1406 1145 1451 lineis
1178 1407 1511 1452 adumbrandam
1545 1404 1646 1451 esse
1666 1411 1771 1462 puto

187 1468 400 1535 ¹originem
431 1476 797 1531 conditionemque
826 1476 1013 1519 noctium
1043 1476 1299 1532 Atticarum,
1327 1476 1428 1520 inde
1461 1480 1512 1520 ut
1544 1480 1776 1531 praecepta

194 1537 435 1590 redundent
463 1545 519 1590 ad
547 1545 810 1600 indagandos
850 1544 1113 1599 singulorum
1148 1546 1335 1600 capitum
1364 1544 1505 1589 fontes
1534 1545 1773 1589 utilissima.

327 1613 459 1659 Cuius
489 1614 553 1658 rei
590 1614 816 1668 imaginem
858 1613 1084 1668 depingere
1124 1625 1347 1667 possemus
1378 1613 1566 1658 collectis
1598 1625 1650 1657 ex
1679 1616 1772 1658 toto

190 1695 321 1739 opere
349 1683 538 1737 undique
568 1682 746 1733 indiciis.
807 1681 891 1726 Sed
920 1680 999 1725 hac
1040 1681 1238 1725 molestia
1276 1684 1325 1726 ut
1353 1680 1478 1726 facile
1511 1692 1773 1736 vacaremus,

188 1742 283 1814 ipse
309 1750 412 1797 fecit
441 1749 628 1805 Gellius,
668 1749 774 1794 satis
804 1752 954 1803 aperte
985 1748 1039 1793 de
1082 1749 1260 1794 consilio
1301 1753 1346 1793 et
1375 1750 1542 1805 origine
1584 1750 1773 1795 noctium

189 1830 365 1873 suarum
394 1818 439 1863 in
468 1816 731 1872 praefatione
761 1817 999 1871 disputans.
1059 1816 1253 1872 Ingenue
1293 1818 1405 1862 enim
1445 1817 1686 1873 profitetur,
1726 1831 1775 1863 se

178 1945 183 1951 ‚
192 1899 398 1954 &qua-0
428 1887 633 1932 lectorum
663 1885 859 1931 manibus
888 1886 1093 1942 traderet,
1124 1888 1368 1942 percepisse
1399 1901 1450 1932 ex
1482 1889 1642 1933 recenti
1671 1902 1776 1944 qua-

193 1955 291 2001 dam
319 1955 389 2000 vel
416 1955 597 2001 lectione
638 1956 704 1999 vel
737 1955 977 2011 auditione,
1019 1968 1148 2011 quum
1184 1959 1227 2000 et
1257 1957 1490 2011 scriptores
1519 1958 1562 2001 in
1591 1957 1774 2012 legendo

192 2024 492 2085 excerpsisset‚
526 2032 570 2068 et
599 2023 766 2068 schedis
797 2025 1109 2080 consignasset,
1141 2036 1251 2081 quae
1276 2026 1483 2070 memoria
1503 2026 1634 2081 digna
1653 2025 1774 2070 audi-

190 2093 348 2154 visset.v
387 2092 698 2138 Gravissimum
727 2093 821 2137 eius
842 2094 1133 2137 testimonium
1154 2093 1473 2149 transscribam,
1504 2093 1638 2148 praef.
1667 2092 1704 2149 ξ.
1725 2092 1771 2136 2:

192 2159 327 2217 „Nam
356 2161 535 2216 proinde
565 2164 614 2206 ut
641 2160 797 2205 librum
828 2172 1036 2216 quemque
1066 2161 1108 2205 in
1137 2173 1288 2206 manus
1319 2175 1514 2217 ceperam
1542 2174 1619 2206 sen
1640 2160 1774 2206 Grae-

190 2241 313 2295 ἰιιιιιιι
343 2241 419 2274 seu
449 2229 649 2273 Latinum
684 2228 751 2273 vel
791 2230 893 2285 quid
934 2233 1169 2273 memoratu
1212 2230 1389 2285 dignum
1429 2231 1671 2286 audieram,
1710 2230 1774 2274 ita

190 2309 332 2354 „quae
370 2296 541 2342 libitum
585 2302 700 2353 erat,
740 2299 861 2342 cuius
901 2299 1072 2353 generis
1112 2312 1294 2355 cumque
1339 2303 1483 2353 erant,
1529 2300 1774 2344 indistincte

174 2357 349 2432 §atque
378 2366 592 2420 promisce
622 2366 892 2416 annotabam,
923 2378 1057 2421 eaque
1083 2367 1186 2410 mihi
1205 2367 1259 2410 ad
1285 2366 1523 2410 subsidium
1542 2367 1775 2411 memoriae

189 2434 342 2492 „qnasi
375 2433 587 2489 quoddam
615 2433 857 2478 litterarum
885 2446 1022 2489 penus
1048 2433 1343 2479 recondebam.
1346 2432 1372 2454 “
1420 2433 1532 2479 Dein
1551 2434 1775 2479 consilium

189 2501 308 2556 cepit
334 2500 443 2545 haec
477 2501 629 2546 edendi
660 2501 696 2556 ς.
727 2499 777 2545 3:
817 2502 976 2556 „Facta
1014 2503 1146 2557 igitur
1186 2507 1254 2546 est
1281 2503 1327 2546 in
1355 2502 1424 2546 his
1462 2514 1634 2559 quoque
1662 2515 1775 2548 eom·

176 2570 446 2628 „mentariis
480 2570 630 2615 eadem
660 2582 803 2614 rerum
838 2570 1119 2626 disparilitas,
1160 2583 1270 2626 quae
1299 2571 1382 2616 fuit
1410 2570 1455 2615 in
1484 2571 1568 2616 illis
1598 2575 1774 2617 annota-

194 2637 413 2694 „tionibus
446 2639 656 2694 pristmis,
694 2651 801 2695 quas
831 2638 1018 2683 breviter
1047 2645 1091 2684 et
1118 2640 1332 2695 indigeste
1362 2642 1407 2685 et
1435 2640 1651 2685 incondite
1681 2654 1776 2687 eru·

129 2794 132 2797 a
325 2735 361 2807 ¹¹-)
382 2762 574 2810 Excerpta
596 2776 617 2802 e
639 2764 739 2801 libris
763 2764 937 2807 ,ictorum
960 2763 1062 2801 Rom.
1086 2763 1124 2801 in
1147 2765 1192 2811 A.
1217 2764 1324 2813 Gellii
1346 2764 1480 2802 noctib.
1504 2765 1585 2803 Att.
1609 2766 1656 2803 cf.
1678 2766 1775 2809 Acta

191 2816 301 2868 md.
322 2817 434 2861 ΗΜ.
456 2820 575 2863 Berol.
600 2821 645 2858 cl.
667 2822 703 2866 h,
724 2821 787 2868 pb.
810 2832 834 2867 a
858 2822 958 2866 1851.

1540 2895 1559 2929 1

1869 1353 1914 1409 ⁸12„
