2098 3261
934 119 1222 165 ...44-

421 237 516 281 I-Ioc
554 237 647 280 loco
687 249 813 291 quam
854 237 967 280 inter
1005 236 1195 279 incertae
1234 234 1391 279 aetatis
1435 235 1634 277 auctores
1673 233 1865 278 inserere

283 305 414 351 malui
444 305 666 350 Manilium
697 307 740 349 et
768 303 1071 361 Hypsicraten,
1099 316 1250 359 parum
1273 303 1441 360 quidem
1464 304 1611 348 notum
1641 304 1872 359 utrumque

284 375 361 419 sed
401 373 753 428 praecedentibus
794 386 879 418 non
914 374 1041 428 longe
1085 376 1202 417 certe
1245 376 1351 416 natu
1389 373 1607 416 minorem.
1665 370 1868 419 Manilius

283 443 396 488 enim
436 455 531 487 cum
571 443 726 488 ceteris
773 443 959 489 indicum
1003 442 1297 488 Plautinorum
1342 439 1621 497 scriptoribus
1666 438 1869 486 laudatur

281 512 347 554 III
377 509 417 566 3,
452 511 488 565 1,
518 512 826 556 vetustioribus
847 512 1043 556 videlicet
1073 515 1117 555 et
1144 510 1329 554 fortasse
1349 509 1404 553 ab
1435 510 1527 563 ipso
1557 509 1752 568 Varrone
1780 512 1869 557 tra-

281 580 408 623 ctatis
428 577 473 634 ¹),
513 579 795 635 Hypsicrates
835 592 937 624 vero
968 583 1118 624 auctor
1152 577 1342 622 eiusdem
1371 576 1453 621 fuit
1481 576 1536 621 de
1565 576 1592 619 l.
1622 576 1697 620 lat.
1727 576 1767 620 V
1795 573 1865 619 88.

887 662 964 710 12.
1023 660 1260 710 Manilius.

417 750 482 794 III
512 748 555 808 3,
589 750 603 792 1
655 751 745 796 loco
786 751 859 796 illo
898 751 1123 805 decantato
1164 750 1354 795 occurrit
1393 752 1443 794 ut
1484 747 1671 794 Plautini
1706 746 1864 792 ‘indicis
1919 789 1923 791 ,

280 821 444 863 auctor.
504 820 596 873 Quo
630 820 683 865 de
712 820 806 866 loco
835 820 880 865 in
909 821 957 865 L.
989 820 1116 866 Accio
1149 823 1192 864 et
1221 822 1372 875 postea
1407 818 1469 863 ad
1498 829 1703 862 nauseam
1734 827 1865 870 saepe

280 886 545 941 disputatum
577 891 654 932 est.

847 971 921 1019 13.
981 971 1303 1033 Hypsicrates.

418 1060 518 1106 XVI
551 1059 617 1111 12,
659 1060 685 1105 6
725 1074 751 1106 a
781 1060 948 1106 Cloatio
979 1062 1092 1106 Vero
1130 1060 1329 1107 laudatus
1359 1064 1474 1115 erat,
1520 1071 1606 1104 non
1644 1073 1671 1105 a
1710 1059 1873 1104 Grellio.>

278 1128 432 1183 Itaque
461 1132 611 1173 nostro
643 1143 727 1173 non
756 1131 882 1174 modo
913 1134 1133 1174 auctorem
1163 1131 1239 1174 sed
1275 1142 1329 1173 ne
1357 1132 1505 1174 notum
1534 1129 1719 1184 quidem
1735 1140 1861 1183 prae-

278 1199 473 1250 terquam
506 1209 659 1241 nomen
678 1198 812 1242 fuisse
843 1202 960 1253 puto.
1019 1198 1220 1253 Alioquin
1241 1198 1392 1242 melius
1421 1210 1518 1241 eum
1550 1196 1862 1252 designavisset

280 1276 408 1319 quam
444 1265 754 1320 „Hypsicraten
784 1266 1024 1322 quempiam
1056 1265 1413 1322 grammaticum.“
1449 1289 1505 1296 —

417 1402 651 1458 Hucusque
671 1416 779 1459 quos
807 1404 1049 1447 enumeravi
1087 1403 1341 1458 scriptores,
1373 1402 1474 1458 quia
1501 1402 1588 1447 rari
1617 1415 1695 1457 per
1724 1414 1858 1446 annos

279 1471 570 1526 occurrebant,
602 1471 716 1517 facili
767 1472 940 1527 negotio
989 1472 1033 1516 in
1084 1472 1275 1516 ordinem
1324 1472 1483 1527 redegi.
1534 1471 1770 1516 Maioribus
1800 1470 1861 1515 vi-

277 1540 432 1584 delicet
481 1539 801 1585 difficultatibus
866 1541 1085 1594 implicata
1149 1540 1242 1596 erit}
1296 1541 1565 1596 sequentium
1622 1540 1861 1594 dispositio,

278 1607 523 1662 aequalium
544 1608 749 1653 Varronis
780 1612 824 1652 et
853 1608 1053 1663 deinceps
1074 1609 1260 1664 Augusti
1280 1609 1550 1664 imperatoris
1582 1608 1637 1652 ad
1666 1607 1860 1651 Asinium

279 1675 449 1720 Gallum
480 1689 637 1732 usque;
678 1689 912 1732 paucorum
942 1677 1053 1721 enim
1083 1679 1159 1720 aut
1189 1678 1344 1721 natalis
1375 1688 1512 1720 annus
1543 1679 1619 1720 aut
1648 1675 1719 1720 alii
1747 1677 1862 1721 vitae

279 1744 449 1788 termini
494 1746 599 1790 certi
644 1745 873 1790 memoriae
916 1749 1017 1790 sunt
1060 1746 1235 1801 proditi.
1304 1745 1610 1800 Plerorumque
1654 1757 1755 1790 vero
1801 1745 1863 1789 sic

276 1816 395 1858 aetas
436 1813 657 1869 definitur,
700 1814 835 1859 fuisse
864 1814 1068 1869 aequales
1103 1816 1172 1859 vel
1202 1815 1411 1859 Varronis
1441 1813 1509 1858 vel
1546 1814 1765 1858 Ciceronis
1795 1813 1863 1858 vel

278 1882 466 1937 Augusti
495 1885 573 1926 aut
603 1883 1035 1939 maiores'aliquanto
1067 1887 1143 1927 aut
1180 1882 1418 1927 inferiores.
1480 1882 1595 1935 Quos
1626 1894 1712 1937 qua
1742 1885 1862 1937 pote-

274 1963 366 1995 ram
411 1951 634 2005 diligentia
674 1952 962 2007 distinguens,
1018 1952 1054 1996 si
1096 1964 1222 2006 quem
1262 1954 1407 1996 tamen
1464 1952 1604 1996 minus
1646 1951 1863 1996 commode

284 2019 545 2075 celloran-im,
577 2020 770 2064 excusari
801 2020 938 2064 velim.

654 2172 665 2181 .
717 2139 793 2185 14.
853 2137 921 2185 Μ.
961 2138 1213 2186 Terentius
1250 2137 1421 2185 Varr0.

414 2226 470 2269 M.
501 2226 727 2270 Terentius
764 2226 901 2271 Varro
944 2227 1175 2281 principem
1214 2226 1336 2271 facile
1373 2229 1593 2285 auctorum
1633 2226 1761 2272 Gellii
1801 2228 1860 2273 lo-

275 2307 371 2339 cum
402 2294 588 2338 obtinet:
640 2295 746 2339 adeo
777 2307 907 2349 saepe
938 2296 991 2339 ad
1021 2298 1166 2349 partes
1195 2298 1387 2350 vocatur,
1418 2298 1505 2339 tam
1535 2308 1643 2350 pure
1672 2296 1860 2351 probari,

275 2366 396 2407 tanto
427 2375 522 2407 cum
552 2363 716 2408 honore
745 2363 914 2407 laudari
943 2364 1066 2407 solet.
1125 2364 1254 2408 Velut
1282 2364 1304 2407 I
1342 2363 1410 2419 18,
1446 2363 1495 2407 3:
1548 2365 1691 2419 „Haec
1719 2365 1859 2409 Varro

281 2431 479 2486 „scripsit
522 2432 577 2476 de
614 2432 786 2477 ratione
815 2431 1121 2476 vocabulorum
1152 2432 1399 2487 scitissime,
1442 2432 1495 2477 de
1525 2445 1607 2477 usu
1637 2433 1861 2490 utriusque

281 2500 480 2555 „linguae
510 2501 788 2556 peritissime,
819 2502 873 2545 de
903 2502 997 2556 ipso
1030 2500 1150 2546 Aelio
1182 2501 1548 2546 clementissime.“
1614 2502 1659 2547 Si
1690 2502 1860 2557 quando

275 2572 419 2612 autem
441 2569 494 2621 ei,
526 2569 640 2623 quod
660 2570 926 2614 rarissimum
946 2570 1114 2623 accidit,
1143 2569 1387 2614 obluctatur
1407 2569 1582 2624 Gellius,
1614 2574 1862 2615 reverenter

418 2729 444 2771 ¹)
470 2726 585 2772 Quem
607 2726 825 2765 Ritschelius
849 2728 932 2764 Par.
957 2729 974 2763 1
1000 2729 1063 2764 241
1090 2727 1201 2773 paulo
1217 2725 1437 2773 superiorem
1462 2730 1583 2765 aetate
1605 2727 1717 2770 fuisse
1738 2727 1862 2766 Servio

274 2784 426 2823 Claudio
450 2784 619 2823 coniecit.
