2098 3256
856 171 1145 219 ..69-

209 291 505 358 mones,
548 289 811 359 Mercklinus
850 303 889 345 p
922 288 997 333 701
1035 290 1105 347 (cf.
1134 303 1176 346 p.
1207 287 1309 346 660)
1339 287 1552 349 Gellium
1538 286 1819 411 Vestis!

209 360 425 427 permulta
451 353 688 423 sumpsisse
707 348 884 414 statuit,
916 362 960 404 et
989 359 1180 405 tabulam
1199 353 1425 416 proposuit
1453 358 1548 404 loco
1538 299 1877 493 ῥὲι

207 426 326 492 liam,
355 443 473 488 qnae
503 430 640 485 primo
670 427 823 473 obtutu
855 419 1075 489 praeclare
1103 429 1273 473 videtur
1302 429 1393 473 eius
1424 427 1668 483 opinionem

209 492 327 560 bare.
382 498 440 544 At
479 494 621 559 tamen
661 509 740 553 ego
779 496 952 543 iactatis
991 498 1171 541 multum
1210 500 1254 541 et
1296 497 1557 552 comparatis
1596 494 1790 553 reliquiis

210 568 354 624 Verrii
392 580 475 613 non
515 578 691 623 possum
730 578 835 611 11011
853 566 1093 610 dissentire.
1152 566 1214 610 Ac
1253 566 1434 621 primum
1474 578 1528 610 ne
1568 569 1612 610 te
1652 565 1789 621 decipi

206 636 385 700 patiaris
429 636 620 680 locorum
663 634 862 678 similium
906 633 1191 678 multitudine.
1252 633 1418 689 Quippe
1458 646 1565 691 quos
1612 646 1696 678 non
1735 646 1787 678 eo

209 698 385 767 consilio
415 704 481 749 vir
509 704 661 748 doctus
690 703 958 758 congessisse
987 702 1195 753 videatur,
1224 702 1383 758 ubique
1412 705 1460 747 ut
1488 691 1633 747 Verrii
1661 715 1795 762 usum·

207 758 541 837 demonstraret.
572 772 649 815 sed
678 771 827 825 voluit,
858 771 972 827 quod
1000 771 1093 825 ipse
1122 771 1271 825 innuit,
1302 783 1555 825 componere
1585 771 1713 816 Gellii
1743 775 1788 816 et

209 821 380 903 illorum
409 840 579 885 omnino
610 839 778 884 similia.
836 838 1073 884 Subtractis
1105 851 1207 883 vero
1238 838 1360 893 lociS,
1402 838 1474 882 ubi
1505 837 1668 884 Gellius
1697 840 1789 896 ipse

128 926 131 929 ·
205 898 351 969 alium
365 913 582 955 auctorem
611 909 813 964 prodidit,
844 910 881 953 si
911 912 1056 953 tamen
1086 912 1254 955 restare
1274 921 1478 953 numerus
1508 913 1577 953 sat
1606 922 1787 963 magnus

206 981 271 1023 et
290 978 510 1040 speciosus
550 977 741 1021 videtur:
787 988 1092 1031 saepenumero
1134 976 1276 1022 hercle
1318 976 1496 1022 Verrius
1537 979 1581 1021 et
1621 975 1786 1021 Gellius

204 1047 335 1110 tacite
365 1046 514 1091 eodem
543 1049 720 1090 auctore
749 1046 817 1090 usi
846 1050 959 1101 sunt,
992 1046 1123 1091 veluti
1144 1046 1351 1102 Varrone,
1381 1046 1495 1102 quod
1525 1058 1657 1101 supra
1685 1043 1788 1090 mihi

202 1116 341 1175 visum
386 1117 454 1159 est
497 1115 541 1158 in
585 1114 793 1169 Capitone
836 1126 1004 1170 quoque
1054 1115 1270 1161 accidisse.
1343 1114 1494 1170 Neque
1544 1114 1788 1170 supersedit

205 1171 465 1236 Mercklinus
509 1182 803 1238 comparandis
848 1182 900 1226 iis
947 1182 1072 1238 locis,
1116 1182 1229 1227 inter
1265 1195 1373 1239 quos
1415 1186 1591 1228 externa
1619 1186 1786 1228 tantum

206 1251 440 1306 similitudo
469 1251 708 1306 intercedit,
739 1263 800 1294 ex.
831 1263 893 1305 gr.
924 1251 963 1294 V
991 1250 1018 1292 4
1049 1250 1212 1295 Gellius
1242 1251 1294 1295 de
1324 1264 1424 1295 rara
1452 1250 1589 1295 forma
1618 1252 1787 1308 quaerit

1812 489 1988 618 [(4140Ιᾶ

206 1320 316 1372 „duo
346 1323 391 1364 et
418 1319 662 1374 vicesimo“,
691 1312 807 1363 Paul
838 1319 956 1363 Diae.
987 1331 1026 1374 p.
1059 1316 1113 1360 67
1144 1331 1180 1364 S.
1208 1332 1245 1363 v.
1304 1319 1629 1376 Duodeviginti,
1673 1319 1784 1365 hanc
1842 1350 1853 1363 x

140 1434 143 1438 ,
201 1389 337 1450 8018111
364 1402 389 1434 0
417 1400 574 1444 graeco
612 1400 806 1432 sermone
836 1388 1014 1432 derivat.
1074 1388 1249 1432 Talibus
1289 1393 1433 1433 autem
1473 1390 1578 1433 locis
1619 1392 1668 1433 ut
1703 1391 1783 1434 cir-

202 1447 447 1519 cumspecte
486 1460 531 1501 et
569 1457 838 1501 considerate
876 1460 1035 1512 agatur
1074 1469 1157 1501 non
1198 1457 1336 1502 minus
1372 1459 1417 1503 ιιι
1446 1458 1600 1502 Verrio
1630 1457 1783 1502 Flacco

113 1554 118 1560 ·
200 1517 322 1583 opus
339 1526 421 1571 erit
451 1537 579 1581 quam
606 1525 651 1569 in
679 1525 829 1580 quovis
859 1525 956 1569 alio.
1004 1524 1125 1575 Nam,
1156 1529 1205 1569 ut
1234 1526 1382 1582 paucis
1413 1526 1644 1583 absolvam,
1674 1539 1785 1583 quae

202 1607 272 1641 mo
298 1596 493 1649 movent,
537 1596 587 1638 ut
616 1593 758 1638 Verrii
786 1593 930 1639 Flacci
960 1606 1085 1639 usum
1114 1593 1229 1639 haud
1265 1588 1328 1639 ita
1356 1594 1621 1652 frequentem
1650 1594 1784 1641 fuisse

199 1666 367 1719 putem,
419 1664 525 1708 haec
567 1667 691 1707 suntz
744 1663 945 1707 laudatur
984 1663 1159 1708 Verrius
1200 1663 1377 1708 Flaccus
1419 1665 1589 1708 omnino
1629 1665 1780 1718 sexies,

200 1743 330 1791 quum
361 1731 532 1787 quidem
561 1744 587 1776 a
617 1731 754 1776 Gellio
785 1734 873 1775 tam
904 1743 1033 1787 saepe
1070 1735 1267 1776 auctores
1303 1731 1552 1789 laudentur,
1598 1738 1646 1776 ut
1684 1732 1780 1787 loci,

201 1799 274 1862 ubi
303 1800 434 1844 tacite
463 1798 643 1844 adhibiti
672 1802 795 1854 sunt,
839 1811 923 1843 non
954 1799 1046 1844 fere
1077 1800 1280 1845 excedere
1316 1800 1501 1845 debeant
1530 1814 1677 1847 eorum
1707 1815 1783 1846 nu-

199 1879 364 1929 merum
405 1867 624 1919 (videlicet
668 1880 751 1912 non
795 1871 957 1912 certum
1003 1868 1097 1912 dico
1142 1881 1384 1925 numerum,
1438 1870 1517 1917 sed
1561 1869 1782 1927 aequalem

201 1925 414 1998 quandam
440 1935 716 1992 mensuram),
746 1935 818 1981 ubi
849 1937 1042 1981 additum
1072 1949 1227 1982 nomen
1257 1941 1335 1982 est.
1376 1937 1461 1983 Ubi
1489 1952 1592 1984 vero
1624 1940 1782 1984 citatur

202 2004 396 2063 VerriuS,
417 2005 603 2061 laudum,
624 2003 780 2061 quibus
800 2004 907 2063 alios
928 2005 1080 2050 extulit
1100 2005 1278 2061 Gellius,
1307 2006 1425 2051 nulla
1447 2010 1589 2051 exstat
1616 2008 1782 2061 littera3

197 2074 326 2121 immo
356 2087 453 2121 eum
481 2075 546 2121 ita
574 2075 846 2131 compellavit
874 2075 1061 2131 quodam
1099 2075 1213 2131 loco,
1259 2078 1328 2126 ιιι,
1372 2075 1473 2121 110οι
1517 2077 1781 2132 aliquantum

199 2143 366 2204 dederit
393 2157 499 2190 suae
528 2145 768 2190 sententiae
797 2144 859 2189 illi
889 2146 1189 2201 opponendae,
1234 2158 1319 2190 non
1348 2147 1411 2191 ita
1445 2158 1597 2202 magno
1626 2146 1671 2189 111
1701 2145 1775 2189 ho-

197 2224 305 2269 nore
334 2224 431 2271 eum
459 2211 660 2258 habuisse
688 2213 911 2263 videatur.
955 2212 1159 2264 XV11.6‚
1203 2212 1231 2255 4
1276 2214 1406 2269 ¹,Cum
1435 2213 1560 2269 pace“
1568 2245 1580 2265 ,
1624 2215 1777 2270 inquit,

203 2293 408 2338 ,cumque
428 2282 555 2326 venia
573 2282 769 2337 istorum,
800 2282 838 2326 si
857 2282 930 2337 qui
959 2285 1072 2338 sunt,
1103 2283 1176 2338 qui
1197 2283 1338 2327 Verrii
1358 2283 1499 2327 Flacci
1519 2284 1779 2328 auctoritate

203 2350 469 2407 ,capiuntur,
504 2351 665 2396 dictum
693 2350 776 2397 1100
805 2350 899 2396 sit.“
962 2351 1032 2396 Ita
1060 2352 1143 2396 nisi
1172 2352 1216 2396 111
1247 2351 1391 2397 oculos
1421 2352 1548 2396 cadat
1577 2351 1704 2396 Gellii
1734 2355 1780 2396 et

194 2418 340 2463 Verrii
360 2418 607 2472 similitudo,
638 2431 722 2463 non
753 2419 808 2463 ad
838 2421 936 2463 eum
964 2419 1218 2475 confugiam,
1249 2431 1327 2464 nec
1348 2420 1629 2475 praetermisi,
1661 2420 1779 2476 quin,

196 2499 311 2545 quae
338 2486 412 2532 ille
440 2488 623 2543 protulit
653 2500 748 2541 cum
780 2492 926 2533 nostro
955 2490 1217 2544 communia,
1261 2489 1298 2533 si
1329 2490 1494 2544 accepit
1534 2488 1587 2533 ab
1617 2488 1777 2546 aliquo,

196 2556 271 2611 qui
297 2555 414 2615 idem
442 2557 558 2613 apud
588 2556 773 2602 Gellium
804 2560 956 2602 auctor
985 2558 1182 2615 occurrit,
1213 2556 1311 2602 huic
1341 2558 1485 2613 potius
1516 2571 1647 2615 quam
1673 2559 1779 2603 Ver-

195 2624 261 2669 rio
292 2624 564 2673 vindicarem.
577 2626 607 2683 ¹)

332 2693 396 2737 Ac
418 2694 585 2753 ,diserte
614 2695 785 2751 quidem
815 2695 978 2740 Gellius
1007 2695 1137 2740 libros
1168 2696 1227 2741 de
1257 2696 1573 2751 significatu
1601 2697 1777 2741 verbo·

339 2850 365 2899 ¹)
388 2852 501 2891 Paulo
525 2854 599 2892 alia
620 2855 713 2894 ratio
736 2858 794 2894 est
826 2854 998 2894 librorum
1022 2855 1067 2894 de
1091 2855 1255 2895 obscuris
1279 2856 1439 2903 Catonis,
1464 2856 1510 2894 de
1525 2854 1652 2902 quibus
1667 2854 1778 2894 infra.
