2098 3261
941 133 1018 166 -‘
1057 130 1114 174 50
1167 153 1227 167 ...-

298 249 523 306 „convenit
551 260 680 303 quam
697 246 870 303 Titinio,
901 247 1114 296 Terentio,
1144 247 1296 301 Attae;
1328 244 1446 305 πάθη
1475 257 1577 291 vero
1607 247 1787 304 Trabea.
1814 247 1877 293 inf·

297 319 428 375 „quit,
457 317 628 373 AtiliuS,
661 316 870 361 Caecilius
900 316 1024 360 facile
1045 319 1307 361 moverunt.“
1350 316 1442 361 Has
1464 315 1637 361 exhibui
1653 315 1877 369 Ritschelii
1939 365 1944 369 ,

292 387 358 432 his
394 388 441 432 in
474 385 603 431 rebus
639 385 764 430 facile
794 386 996 440 principis
1026 387 1169 430 varias
1200 387 1433 440 opiniones.
1494 386 1704 431 Iudicium
1733 386 1877 439 igitur,

292 467 421 509 quum
452 454 560 497 adeo
589 452 720 497 fallax
749 456 795 497 et
823 453 1032 497 incertum
1063 454 1132 506 sit,
1165 453 1361 508 equidem
1391 450 1560 511 ἐπέχω,
1587 465 1683 497 nam
1704 466 1756 499 ex
1781 453 1878 509 ipso

291 523 429 567 Gellio
459 521 567 565 nihil
597 521 757 565 elicias.
817 521 1034 575 Siquidem
1064 522 1117 564 de
1157 525 1310 566 satura
1339 521 1436 577 περὶ
1460 519 1750 578 χαρακτήρων
1780 532 1877 566 con-

290 591 480 645 iectura,
525 602 603 646 per
631 601 730 635 sese
759 589 855 645 ipsa
883 589 1022 634 minus
1054 588 1327 646 probabilis„
1352 602 1435 634 non
1474 601 1733 646 magnopere
1762 597 1874 634 com·

287 660 540 715 mendatur,
580 671 712 715 quum
741 657 857 703 affini
886 658 979 703 loco
1010 658 1072 702 VI
1108 656 1158 701 16
1189 661 1379 703 saturam
1410 659 1617 704 Varronis
1655 658 1753 715 περὶ
1789 656 1876 700 ἐδε-

285 727 459 785 σμάτων
494 727 745 773 invenimus.

421 819 609 864 Ventum
630 821 698 862 est
728 817 784 862 ad
812 816 989 862 libros
1019 817 1448 872 disciplinarum,
1479 818 1523 862 in
1544 817 1697 873 quibus
1721 818 1873 862 ducem

285 887 508 943 egregium
539 888 689 947 nactus
719 897 813 930 sum
842 884 914 929 Fr.
945 884 1237 930 Ritschelium.
1298 884 1432 937 Quem
1472 884 1544 930 ubi
1582 885 1675 930 loco
1713 886 1871 931 omisso

282 955 531 1008 laudavero,
573 953 753 1007 intelligi
782 953 880 997 volo
911 953 1184 1007 quaestiones
1215 953 1521 1005 Varronianus,
1563 965 1706 1008 progr.
1738 955 1871 998 Bonn.

288 1021 410 1066 1845.
470 1022 804 1077 Disciplinarum
841 1021 961 1065 libris
1000 1034 1083 1064 non
1120 1034 1220 1065 raro
1258 1034 1363 1065 usus
1400 1026 1550 1065 noster
1587 1022 1715 1066 modo
1746 1031 1869 1076 aper-

282 1094 391 1148 tius,
436 1092 563 1137 modo
595 1091 802 1136 occultius
832 1090 1056 1144 indicavit3
1103 1093 1233 1145 atque
1264 1090 1596 1145 explicatissima
1624 1090 1873 1135 laudatione

280 1162 322 1205 X
353 1162 390 1216 1,
421 1160 473 1204 6:
508 1158 677 1214 „Verba
697 1158 756 1202 M.
777 1158 985 1202 Varronis
1018 1171 1069 1201 ex
1098 1158 1207 1201 libro
1239 1158 1555 1213 disciplinarum
1586 1159 1736 1214 quinto
1767 1157 1874 1202 haec

280 1227 404 1274 sunt“
440 1241 477 1273 e.
510 1241 550 1283 q.
582 1240 614 1271 s.
675 1227 795 1280 Quae
839 1226 1004 1271 Ritschl
1043 1239 1083 1282 p.
1126 1225 1176 1267 12
1217 1227 1271 1271 ad
1310 1227 1464 1272 librum
1505 1229 1558 1272 de
1601 1227 1901 1272 arithmetica·

278 1296 443 1341 retulit.
483 1295 626 1339 Minus
657 1295 884 1350 diligenter
912 1294 1010 1338 libri
1040 1294 1357 1349 disciplinarum
1388 1296 1576 1340 citantur
1593 1293 1738 1340 XVIII
1758 1293 1822 1350 15,
1843 1293 1869 1335 2

279 1368 325 1409 et
354 1366 557 1419 excerpta
596 1376 650 1408 ex
687 1364 741 1407 iis
781 1363 960 1408 metrica
1000 1363 1210 1418 quaedam
1238 1362 1423 1408 frustula
1454 1362 1719 1408 exhibentur.
1779 1363 1869 1407 Me-

279 1433 433 1477 tricam
471 1435 616 1476 autem
646 1431 832 1475 Varroni
871 1431 1133 1485 geometriae
1173 1434 1338 1484 partem
1377 1431 1535 1486 fuisse,
1580 1432 1673 1486 ipse
1704 1430 1868 1475 Gellius

279 1500 471 1546 declarat
501 1503 546 1544 et
574 1498 676 1543 XVI
710 1496 774 1553 18,
803 1497 826 1539 *1
864 1502 908 1542 et
937 1498 965 1539 4
995 1502 1040 1542 et
1068 1502 1216 1543 nostro
1247 1500 1339 1542 loco
1370 1502 1497 1543 extr.:
1545 1501 1699 1554 „idque
1727 1500 1868 1554 ipsum

283 1568 475 1623 „ratione
519 1567 704 1622 quadam
744 1567 1004 1621 geometrica
1043 1564 1137 1609 fieri
1178 1566 1389 1609 disserit.“
1452 1565 1724 1611 Geometriae
1766 1579 1869 1611 vero

276 1635 443 1681 Ritschl
471 1635 495 1691 ξ
531 1635 582 1677 13
611 1648 653 1691 p.
684 1633 735 1677 31
769 1638 970 1690 quartum
1000 1635 1318 1689 disciplinarum
1349 1635 1504 1680 librum
1533 1636 1774 1681 vindicavit.

414 1739 495 1784 His
526 1738 634 1783 alios
665 1739 785 1783 locos
815 1737 1073 1783 Ritschelius
1103 1739 1347 1783 coniectura
1377 1739 1554 1795 adiecit,
1583 1739 1676 1784 solo
1706 1740 1866 1785 Varro-

276 1808 344 1852 nis
373 1808 545 1851 nomine
575 1811 621 1851 et
649 1807 953 1860 disputationis
984 1810 1233 1860 argumento
1265 1807 1430 1850 ductus.
1485 1808 1507 1850 I
1528 1805 1583 1847 20
1613 1807 1684 1861 (cf.
1703 1808 1868 1853 Ritschl

277 1874 301 1931 5
337 1874 387 1916 17
419 1888 462 1929 p.
493 1872 584 1929 38),
614 1873 688 1917 ubi
719 1872 742 1928 ξ
772 1871 800 1913 4
831 1876 875 1916 et
905 1872 928 1928 ξ
958 1871 986 1914 8
1016 1873 1158 1918 Varro
1187 1874 1401 1928 laudatur,
1432 1874 1494 1918 ita
1523 1877 1573 1918 ut
1601 1888 1697 1919 cum
1725 1877 1867 1921 verbis

276 1944 369 1988 eius
407 1943 595 1987 laudatis
634 1942 804 1998 reliqua
842 1941 1082 1986 arctissime
1112 1941 1381 1986 cohaereant.
1440 1942 1630 1988 Euclidis
1659 1942 1867 1991 definitio-

272 2025 371 2056 nem
402 2011 426 2068 ἕ
456 2011 484 2055 9
525 2010 594 2067 (cf.
624 2024 664 2065 p.
695 2009 740 2065 8)
781 2024 808 2055 a
847 2011 1041 2055 Varrone
1081 2014 1370 2056 transvectam
1409 2023 1505 2056 esse
1548 2011 1711 2056 Ritschl
1754 2013 1876 2057 iudi-¹

272 2082 388 2127 cavit
418 2081 441 2137 ς
477 2079 542 2136 17,
573 2081 626 2125 de
656 2079 929 2137 Pythagorae
958 2080 1174 2125 mentione
1205 2080 1317 2125 idem
1346 2083 1537 2125 statuere
1565 2080 1720 2126 licebit.
1764 2081 1866 2137 Noli

275 2151 390 2196 enim
433 2150 691 2194 contrariam
721 2150 925 2194 Varronis
967 2150 1223 2194 sententiam
1263 2149 1317 2194 ab
1355 2150 1447 2204 ipso
1479 2149 1617 2194 Gellio
1648 2146 1863 2209 servatam

272 2219 443 2264 obicere
471 2219 538 2265 III
573 2217 639 2275 10,
670 2217 719 2263 6:
757 2220 1014 2274 „Praeterea
1044 2218 1193 2263 scribit
1223 2220 1412 2275 (Varro),
1449 2218 1576 2264 lunae
1606 2220 1861 2276 curriculum

277 2285 450 2343 ,confici
478 2288 661 2342 integris
692 2291 847 2342 quater
876 2287 1066 2341 septenis
1097 2286 1270 2336 diebus,
1296 2319 1307 2331 .
1325 2319 1335 2330 .
1353 2319 1364 2331 .
1382 2319 1392 2330 .
1423 2290 1728 2343 auctoremque
1768 2289 1861 2344 opi·
1911 2344 1913 2346 ι
2005 2330 2013 2337 ,

277 2356 442 2413 ¹‚nionis
487 2355 615 2401 huius
662 2356 897 2401 Aristidem
953 2367 1050 2400 esse
1097 2354 1322 2400 Samium.“
1399 2356 1450 2401 Id
1495 2356 1634 2402 Varro
1683 2370 1860 2404 numero

271 2426 519 2479 septenario
540 2425 670 2479 dedit,
703 2425 825 2471 cuius
855 2436 983 2482 quam
1011 2424 1217 2478 plurimas
1247 2427 1485 2478 potestates
1515 2425 1859 2475 demonstrabat:

270 2492 469 2549 probavit
499 2497 616 2539 certe
646 2495 778 2539 etiam
808 2493 1087 2550 Pythagorae·
1108 2494 1388 2549 sententiam,
1433 2494 1545 2549 quod
1583 2494 1699 2539 claro
1735 2494 1860 2553 testi·

268 2561 412 2605 monio
443 2565 615 2606 constat
643 2562 822 2606 Favonii
850 2560 1050 2616 Eulogii,
1099 2561 1259 2605 Comm.
1297 2562 1341 2604 in
1371 2561 1512 2605 Somn.
1545 2561 1656 2616 Scip.
1697 2574 1736 2616 p.
1774 2561 1859 2604 407
1892 2597 1899 2602 .

269 2627 425 2675 Orell.:
479 2629 558 2685 ‚ad
587 2628 700 2675 hunc
729 2643 952 2675 numerum
984 2628 1190 2686 cubicum,
1222 2632 1272 2674 ut
1302 2628 1485 2674 Varroni
1514 2630 1665 2685 placet,
1695 2630 1858 2680 lunaris

273 2710 450 2755 „cursus
490 2700 688 2754 congruit
716 2699 951 2750 revolutio,
996 2712 1107 2755 quae
1135 2700 1180 2743 in
1211 2698 1375 2743 XXVII
1409 2698 1559 2744 diebus
1590 2711 1713 2745 omne
1745 2700 1861 2765 tanti

270 2767 450 2820 „sideris
490 2767 636 2816 lumen
678 2768 911 2816 exhaurit.“
973 2769 1042 2815 Ita
1072 2770 1165 2816 sine
1197 2770 1375 2816 crimine
1403 2769 1590 2816 levitatis
1620 2772 1760 2833 totum
1788 2782 1856 2833 ca-
