2098 3256
827 149 1111 193 ...51—

183 262 472 326 putssvarroni
501 269 742 322 reddimus3
788 267 1002 322 pertinere
1031 268 1174 310 autem
1210 264 1264 308 ad
1292 261 1446 308 librum
1476 262 1677 316 quartum
1705 258 1760 304 de

182 339 441 396 geometria,
487 342 532 384 et
569 339 665 393 ipsa
704 349 774 381 res
813 339 857 381 et
903 333 1188 391 „geometrae“
1225 333 1248 389 ἓ
1283 334 1298 375 1
1334 332 1488 378 indicio
1523 333 1635 375 sunt
1694 330 1762 375 Ex

166 405 332 454 'eodem
361 407 469 450 libro
498 407 553 450 de
582 405 820 460 geometria.
855 407 1070 456 sumptum
1114 415 1208 446 esse
1237 402 1406 446 videtur
1434 401 1461 445 1.
1491 400 1593 444 XVI
1622 414 1657 445 c.
1694 398 1760 449 18,

183 473 236 522 ef.
266 474 432 520 Ritschl
461 488 501 530 p.
534 473 589 516 30
620 477 665 518 et
693 486 735 529 p.
766 471 830 516 37-
851 485 915 528 sq.
973 472 1179 517 Varronis
1208 471 1338 516 verba
1367 470 1567 525 apposuit
1596 468 1762 514 Gellius

116 597 122 602 „
184 542 209 597 5
237 541 278 596 6,
324 555 435 597 quae
462 554 611 586 rursus
642 541 697 584 ab
726 541 792 595 iis,
833 553 944 594 quae
974 541 1066 583 sine
1097 544 1270 583 auctore
1298 540 1575 594 praecedunt,
1620 538 1762 582 dirimi

184 615 414 668 nequeunt.
479 610 586 666 „Sed
629 609 754 659 haec,
800 609 940 664 inquit
983 609 1145 654 Varr0“
1194 622 1229 653 e.
1276 623 1317 664 q.
1361 620 1395 652 s,
1454 608 1573 652 Libri
1616 611 1762 652 autem

186 681 323 737 quinti
353 681 407 725 de
435 679 702 726 arithmetica
730 679 912 732 vestigia
942 678 1052 722 idem
1089 692 1130 732 p.
1167 677 1216 719 13
1247 679 1360 732 apud
1389 681 1583 720 nostrum
1612 677 1678 720 III
1712 675 1762 717 14

189 748 420 805 indagavit.
477 747 562 793 Ubi
592 759 850 802 quamquam
894 746 947 791 de
986 746 1160 790 dimidio
1200 749 1244 791 et
1282 745 1501 790 dimidiato
1531 746 1766 800 disputatio

186 821 282 865 tota
319 817 620 873 grammatica,
662 816 953 860 arithmeticae
983 817 1121 859 minus
1151 816 1351 869 contigua
1380 818 1468 867 est,
1509 818 1652 858 tamen
1680 826 1766 857 non

189 886 350 936 dubito,
383 886 485 941 quin
513 898 659 930 verum
680 885 835 930 viderit
863 884 948 933 ille,
979 887 1215 928 commotus
1244 884 1423 928 maxime
1443 884 1622 928 alterius
1651 883 1765 929 illius

187 956 270 1002 loci
298 955 597 1010 similitudine,
643 967 767 1010 quem
805 968 856 998 ex
893 954 1042 998 eodem
1078 954 1187 998 libro
1218 953 1380 997 Gellius
1419 953 1578 997 diserte
1615 952 1769 1006 petivit

191 1024 232 1067 X
257 1023 292 1078 1,
323 1021 363 1067 6.
402 1023 511 1066 Nam
542 1035 596 1065 ne
624 1022 693 1066 hic
722 1022 891 1076 quidem
922 1034 1194 1066 numerorum
1224 1022 1362 1076 magis
1393 1033 1521 1075 quam
1552 1020 1767 1064 emendati

189 1091 396 1139 sermonis
425 1091 538 1135 ratio
568 1090 763 1145 habetur,
794 1103 870 1135 nec
900 1094 1047 1136 nostro
1077 1091 1170 1134 loco
1200 1091 1329 1134 Ennii
1357 1102 1507 1134 versus
1527 1103 1553 1134 a
1573 1090 1766 1133 Varrone

187 1160 388 1204 laudatus
418 1158 634 1203 offendere
663 1159 803 1213 debet,
835 1159 993 1213 quippe
1024 1171 1148 1213 quem
1178 1159 1356 1202 alterius
1389 1162 1562 1202 tueatur
1591 1170 1764 1202 consor-

187 1229 307 1273 tium.
367 1227 411 1272 Si
441 1230 584 1272 autem
614 1227 667 1271 ab
698 1227 900 1282 exemplis
930 1227 1186 1281 scriptorum
1217 1227 1463 1272 exhibendis
1493 1240 1548 1271 ne
1576 1226 1643 1270 his
1674 1227 1766 1281 qui-

189 1296 286 1342 dem
327 1296 374 1340 in
415 1295 535 1339 libris
582 1294 824 1348 abhorruit,
872 1306 983 1348 quae
1013 1294 1176 1338 Gellius
1217 1295 1316 1338 inde
1354 1307 1380 1338 a
1410 1293 1433 1349 ἓ
1468 1293 1520 1335 10
1551 1295 1769 1350 congessit

189 1364 394 1410 Varronis
432 1366 705 1418 praeceptum
746 1361 1058 1418 confirmantia,
1103 1363 1289 1407 fortasse
1332 1363 1386 1407 ab
1432 1364 1583 1408 eodem
1627 1365 1770 1407 omnia

189 1432 382 1487 profecta
410 1435 521 1477 sunt.
532 1434 563 1483 ¹)

326 1500 522 1555 Denique
566 1501 609 1542 in
653 1511 826 1543 censum
868 1498 936 1543 hic
977 1500 1094 1542 venit
1133 1499 1160 1542 1.
1191 1499 1336 1543 XVIII
1370 1499 1434 1543 14.
1494 1500 1617 1543 Licet
1657 1501 1770 1543 enim

192 1580 246 1613 ne
275 1580 429 1611 nomen
459 1568 630 1622 quidem
659 1567 1041 1611 Varronis'noster
1070 1567 1328 1621 prodiderit,
1373 1571 1516 1612 tamen
1552 1571 1669 1612 totus
1699 1581 1770 1612 as-

193 1634 355 1682 sentior
382 1635 615 1681 Ritschelio
645 1650 686 1690 p.
717 1635 786 1690 30,
816 1636 922 1680 haec
951 1637 1005 1679 ad
1025 1636 1260 1680 Varronem
1291 1640 1335 1680 et
1363 1637 1495 1681 libros
1527 1637 1770 1691 disciplina-

193 1718 289 1750 rum
316 1704 531 1764 referenti.
590 1704 699 1749 Nam
740 1708 784 1748 et
822 1716 1006 1760 sequens
1047 1707 1175 1760 caput
1212 1717 1263 1749 ex
1301 1705 1452 1750 iisdem
1491 1706 1673 1760 petitum
1703 1709 1773 1750 est

195 1777 240 1819 et
281 1773 427 1819 favent
468 1773 567 1818 huic
610 1773 877 1817 coniecturae
918 1772 1045 1816 Gellii
1081 1773 1213 1817 verba
1253 1773 1276 1828 ξ
1307 1771 1334 1813 2
1379 1775 1555 1828 „quide
1584 1777 1772 1819 numeris

199 1842 375 1899 „Latine
410 1842 709 1896 scripserunt.“
773 1841 933 1884 Locum
979 1840 1238 1895 explicandis
1278 1840 1477 1886 hemiolio
1517 1845 1562 1886 et
1600 1844 1774 1897 epitrito

191 1910 327 1955 fuisse
366 1910 410 1955 in
449 1910 558 1956 libro
597 1911 745 1966 quinto
786 1911 839 1953 de
876 1909 1145 1954 arithmetica
1184 1910 1296 1954 idem
1340 1911 1495 1955 statuit
1533 1911 1557 1954 l.
1598 1912 1624 1954 l.
1684 1912 1774 1956 Ali-

198 1982 362 2034 quanto
403 1982 547 2023 tamen
585 1982 683 2032 post
723 1991 851 2033 quum
883 1977 1037 2021 collato
1068 1977 1315 2033 Hieronymi
1345 1980 1542 2033 catalogo
1572 1979 1680 2023 haec
1708 1993 1776 2024 re-

192 2050 414 2102 tractaret,
445 2046 573 2091 aliter
601 2046 780 2090 iudicari
811 2057 939 2101 posse
969 2045 1189 2091 confessus
1221 2050 1288 2091 est
1317 2046 1377 2092 M.
1405 2046 1483 2090 Rh.
1515 2048 1575 2092 VI
1603 2060 1644 2103 p.
1676 2046 1775 2094 504.

197 2115 306 2160 Nam
336 2117 516 2171 qui-per
544 2116 664 2159 illum
693 2116 860 2159 demum
891 2115 1013 2159 nobis
1052 2115 1332 2159 innotuerunt
1359 2116 1565 2160 Varronis
1595 2117 1692 2161 libri
1721 2118 1776 2161 de

196 2184 413 2240 principiis
433 2196 716 2237 numerorum,
739 2183 792 2227 ab
813 2182 879 2227 his
901 2196 1038 2238 neque
1058 2196 1123 2234 ea,
1145 2196 1255 2239 quae
1276 2196 1343 2239 ap.
1366 2184 1472 2229 Gell.
1493 2185 1516 2228 I
1536 2184 1591 2227 20
1612 2189 1655 2230 et
1674 2185 1775 2230 XVI

206 2250 259 2295 18
289 2253 484 2308 exposita
514 2257 680 2307 essent,
726 2265 804 2297 nec
849 2254 987 2306 ipsum
1032 2255 1225 2297 nostrum
1269 2254 1407 2298 locum
1449 2253 1633 2297 alienum
1678 2267 1775 2299 esse

200 2321 513 2367 animadvertit.
559 2322 863 2367 Revocavisset
893 2323 1022 2366 etiam
1053 2322 1107 2366 ad
1136 2322 1232 2367 illos
1263 2323 1414 2378 omnia,
1444 2324 1527 2367 nisi
1556 2336 1629 2368 eos
1657 2336 1777 2368 num-

201 2404 344 2447 quam,
390 2392 707 2446 disciplinarum
735 2391 870 2436 libros
908 2392 1081 2446 saepius
1120 2391 1383 2436 laudavisset
1411 2390 1587 2436 Gellius.
1645 2394 1780 2449 Equi-

343 2540 369 2585 ¹)
407 2539 507 2576 Nota
531 2540 677 2585 dignum
701 2540 859 2581 videtur,
897 2539 991 2583 quod
1021 2539 1138 2575 minus
1169 2542 1269 2574 recte
1297 2537 1438 2574 Ritschl
1461 2549 1497 2584 p.
1523 2541 1565 2574 13
1601 2540 1781 2578 Prisciani

199 2593 318 2632 locun
358 2606 395 2642 p.
423 2597 511 2632 1356
540 2597 582 2633 P.
615 2597 651 2633 11
674 2597 740 2633 401
774 2596 837 2633 Kr.
870 2595 917 2632 ad
944 2595 1055 2633 libros
1084 2594 1355 2641 disciplinarum
1389 2595 1526 2635 retulit.
1573 2597 1781 2638 Priscianus

195 2652 307 2691 haee:
351 2651 454 2697 ¹,Duo
477 2664 588 2701 asses,
626 2654 755 2701 dussis,
791 2652 1015 2699 dupondius,
1050 2653 1175 2690 tressis
1192 2679 1309 2690 .....
1335 2654 1533 2702 centussis,
1567 2661 1654 2701 post
1675 2669 1780 2703 quem

207 2720 415 2755 ,numerum
445 2715 540 2750 teste
563 2713 731 2748 Varrone
766 2721 839 2748 non
869 2714 1133 2758 componuntur
1163 2720 1245 2747 cum
1280 2720 1362 2749 asse
1390 2712 1567 2750 numeri.“
1614 2714 1713 2760 Quae
1737 2726 1781 2755 eo

201 2768 335 2808 curtius
357 2769 410 2807 ad>
429 2769 587 2808 similem
609 2770 728 2808 locum
753 2770 787 2807 d.
811 2769 896 2817 ling.
918 2769 981 2806 lat.
999 2769 1033 2807 V
1051 2770 1117 2807 169
1141 2780 1192 2816 sq.
1218 2773 1399 2816 spectant,
1424 2771 1508 2816 quia
1530 2771 1627 2811 hunc
1648 2772 1782 2811 librum

200 2826 406 2868 Priscisnm
428 2829 539 2874 paulo
562 2833 648 2868 ante
669 2839 706 2874 p.
731 2829 798 2864 393
821 2828 886 2865 Kr.
908 2827 1080 2873 laudavit.

1501 2899 1544 2935 ⁴·
