2098 3261
880 116 1168 177 ...ffl-

228 252 379 296 nostro
409 260 577 294 sumere
606 247 730 294 solet.
788 247 939 305 Neque
970 247 1156 294 eandem
1171 247 1430 295 sententiam
1466 251 1512 295 et
1552 249 1645 297 Ser.
1675 249 1816 308 Sulpi·

226 320 339 365 cium
368 321 413 362 et
441 320 595 372 postea
635 317 751 362 illius
787 318 983 363 nescium
1022 317 1259 362 Masurium
1298 318 1485 383 edidisse
1524 318 1694 374 dignius
1728 318 1822 375 fide
1856 379 1860 383 Δ

226 389 307 432 est.
365 386 434 430 Ita
464 385 726 430 auctoritate
754 385 836 430 hoc
873 386 966 431 loco
1002 388 1225 441 praestare
1252 386 1424 431 videtur
1461 386 1729 443 Macrobius,
1766 390 1814 434 ct

224 454 403 509 Gellius,
436 466 567 509 quum
596 454 639 497 in
670 454 863 499 Masurio
891 454 1069 509 Sulpicii
1097 455 1497 509 interpretationem
1525 467 1620 500 cum
1648 455 1812 502 maiore

224 523 410 570 fortasse
441 522 534 567 eius
564 522 660 567 loco
681 522 914 569 exhibitam
942 523 1108 579 legeret
1126 522 1170 578 ¹),
1201 524 1298 568 veri
1321 524 1510 569 auctoris
1531 524 1690 570 oblitus
1708 523 1809 570 sub·

224 593 420 638 stituisse
450 603 570 647 eum,
601 606 654 637 ex
683 592 805 638 cuius
836 592 947 639 libro
979 605 1032 638 ea
1061 592 1271 638 sumebat.
1803 630 1805 634 ,

675 709 755 759 32.
814 709 871 758 L.
908 709 1132 759 Annaeus
1169 709 1360 758 Seneca.

304 850 310 853 p
361 799 583 856 Epistulas
612 799 797 844 morales
827 798 992 844 Gellius
1013 799 1144 843 semel
1179 798 1328 844 citavit
1353 799 1439 844 XII
1458 798 1498 855 2,
1529 801 1618 845 tam
1635 798 1812 855 quidem

222 868 430 925 explicate
460 872 638 923 tamque
666 871 829 923 aperte,
860 870 922 923 ut,
953 868 1056 923 quin
1084 868 1177 922 ipse
1206 868 1361 923 legerit
1386 868 1603 925 Senecam,
1631 867 1807 915 dublum

222 950 308 983 non
337 937 409 983 sit.
467 936 577 981 Nam
609 939 655 981 et
683 935 925 990 plenissime
954 934 1052 980 libri
1082 936 1255 982 titulum
1285 935 1476 982 exhibuit
1504 936 1529 993 ᾖ
1559 934 1603 983 3ε
1649 937 1729 994 ,,Ῑιι
1758 935 1809 983 11-

227 1006 329 1064 „bro
373 1004 498 1050 XXII
542 1004 892 1061 epistularum
935 1003 1249 1055 moralium“‚
1299 1008 1344 1049 et
1381 1005 1566 1051 maiores
1604 1005 1723 1052 locos
1761 1009 1807 1052 et
1842 1048 1846 1052 .

220 1076 381 1120 multos
412 1074 729 1128 transsumpsit.
768 1073 884 1127 Quos
906 1084 1052 1117 omnes
1084 1086 1136 1117 ex
1165 1074 1313 1118 eadem
1334 1075 1520 1129 epistula
1540 1086 1649 1130 esse,
1671 1086 1808 1131 quum

220 1157 301 1191 nos
340 1146 384 1188 in
424 1144 645 1199 deperdito
685 1142 793 1187 libro
835 1141 1049 1187 affirmare
1089 1155 1173 1187 non
1213 1143 1446 1198 possimus,
1496 1143 1660 1188 Gellius
1697 1143 1808 1189 satis

218 1212 466 1259 declaravit.
524 1210 686 1267 Lepide
725 1213 871 1254 autem
911 1209 1015 1254 illud
1056 1210 1215 1255 dictum
1253 1209 1278 1266 5
1315 1209 1389 1263 13,
1433 1211 1555 1256 cuius
1593 1210 1811 1270 simillima-

217 1283 333 1340 apud
363 1283 568 1328 Senecam
597 1293 728 1336 saepe
758 1283 989 1325 occurrunt
1027 1280 1108 1325 vel.
1148 1280 1258 1336 Epp.
1291 1293 1398 1328 mor.
1426 1281 1448 1326 I
1475 1279 1517 1332 2,
1552 1280 1580 1324 6
1609 1279 1804 1338 (Haase),
1826 1299 1828 1303 ’

216 1365 295 1408 per
324 1364 402 1398 ora
430 1351 670 1406 ferebatur,
709 1352 762 1393 ut
797 1348 963 1394 Gellius
1003 1349 1183 1394 indicat:
1228 1351 1417 1406 „Audias
1446 1355 1590 1395 tamen
1619 1362 1803 1396 comme-

217 1421 410 1476 „morari
439 1433 490 1466 ac
520 1418 672 1465 referri
701 1431 838 1474 pauca
868 1417 1103 1474 quaedam,
1150 1431 1260 1473 quae
1290 1418 1400 1465 idem
1428 1419 1523 1474 ipse
1552 1419 1714 1465 Seneca
1741 1419 1786 1464 di

215 1488 404 1546 „xerit;“
449 1502 475 1533 a
504 1487 721 1532 Favorino
749 1486 933 1531 Gellium
964 1486 1180 1542 accepisse
1215 1488 1417 1543 cogitarit
1446 1488 1677 1544 quispiam,
1716 1487 1805 1534 col—

216 1559 318 1605 latis
347 1558 402 1603 iis
431 1570 546 1614 quae
574 1556 620 1601 in
651 1555 828 1601 eandem
857 1554 948 1600 fere
989 1556 1351 1601 sententiamille
1376 1557 1569 1613 disputat
1594 1557 1656 1602 IX
1685 1554 1728 1608 8,
1757 1554 1799 1613 4,

216 1626 422 1672 affirmari
460 1629 604 1670 autem
645 1623 805 1679 nequit.
865 1623 1044 1668 Praeter
1087 1623 1200 1668 hunc
1243 1624 1384 1669 locum
1426 1624 1620 1671 Senecae
1662 1631 1802 1683 neque

216 1695 383 1741 Gellius
413 1694 624 1749 meminit,
670 1704 810 1748 neque
840 1704 942 1747 ego,
988 1692 1101 1747 quod
1142 1692 1196 1737 ad
1235 1694 1541 1748 grammaticen
1570 1695 1798 1751 pertineat,

214 1765 447 1819 vestigium
477 1761 751 1816 deprehendi.
810 1760 899 1804 Nec
919 1761 1075 1805 mirum
1102 1761 1160 1814 id,
1192 1773 1323 1815 quum
1353 1761 1424 1806 ille
1453 1762 1663 1812 deriserit,
1690 1776 1799 1819 quos

215 1834 381 1879 Gellius
417 1831 489 1887 pio
519 1830 660 1874 animo
689 1827 858 1873 colebat
886 1830 1141 1884 scriptores»,
1176 1832 1225 1873 ut
1253 1828 1437 1874 Ennium
1466 1833 1511 1876 et
1539 1830 1799 1878 Ciceronem.

214 1904 358 1957 Quare
379 1900 541 1956 dubito,
571 1910 670 1940 num
693 1896 859 1940 Gellius
888 1896 910 1939 1
946 1895 996 1937 10
1016 1908 1126 1951 quae
1162 1909 1189 1940 a
1225 1896 1386 1942 Seneca
1420 1898 1654 1953 sumpsisse
1681 1900 1799 1943 visus

220 1974 289 2017 est
309 1966 577 2015 Carrioniad
596 1965 638 2009 h.
660 1965 703 2022 1.,
733 1976 884 2009 revera
904 1965 942 2008 ei
964 1963 1130 2009 debeat.
1165 1964 1348 2021 Relegat
1376 1977 1456 2011 nos
1485 1966 1558 2012 ille
1586 1967 1641 2012 ad
1669 1966 1799 2013 Sene·

213 2053 307 2087 cam
336 2052 401 2094 ep.
438 2036 532 2092 114,
567 2034 636 2078 13:
688 2034 843 2091 „Multi
873 2047 926 2079 ex
956 2034 1096 2078 alieno
1137 2034 1311 2095 saeculo
1337 2038 1490 2090 petunt
1518 2034 1662 2092 verba,
1693 2036 1797 2082 duo-

218 2109 377 2167 ,decim
406 2106 578 2151 tabulas
607 2105 855 2160 loquuntur.
915 2102 1139 2148 Gracchus
1169 2103 1255 2148 illis
1297 2107 1342 2149 et
1380 2103 1564 2150 Crassus
1594 2108 1639 2150 et
1668 2104 1797 2151 Curio

212 2178 366 2235 „nimis
396 2175 499 2220 culti
530 2177 576 2218 et
602 2176 800 2217 recentes
829 2175 950 2228 sunt,
990 2173 1045 2216 ad
1076 2173 1263 2228 Appium
1303 2186 1439 2235 usqne
1475 2177 1521 2218 et
1547 2175 1602 2219 ad
1632 2174 1794 2220 Corun-

211 2247 410 2306 „canium
449 2240 671 2289 redeuntf‘
731 2241 841 2287 Sunt
878 2251 991 2287 sane
1023 2241 1185 2288 Seneca
1230 2244 1273 2287 et
1317 2242 1482 2288 Gellius
1526 2231 1797 2300 aliquatenus
1856 2291 1858 2293 ,

211 2315 385 2370 similes,
416 2311 733 2374 Coruncanium
762 2323 1027 2357 communem
1055 2309 1236 2366 habent;
1279 2312 1325 2356 in
1355 2312 1450 2357 aliis
1484 2316 1630 2358 antem
1658 2305 1796 2358 disce-

208 2386 327 2431 dunt.
385 2382 538 2438 Neque
569 2381 681 2425 enim
710 2378 850 2425 solum
888 2380 1237 2437 perstringuntur
1274 2380 1303 2424 ii
1334 2381 1448 2437 apud
1477 2381 1682 2433 Gellium,
1721 2380 1797 2452 qui

209 2452 481 2510 antiquitatis
520 2451 709 2506 speciem
748 2462 945 2495 sermone
973 2454 1171 2506 captant,
1215 2451 1291 2495 sed
1323 2450 1461 2506 lepide
1490 2451 1619 2497 etiam
1647 2450 1793 2496 admo·

208 2525 377 2571 nentur,
415 2523 465 2564 ut
494 2518 621 2564 factis
651 2518 795 2574 potius
825 2520 870 2562 et
898 2517 1089 2580 moribus
1130 2530 1179 2562 se
1208 2520 1431 2575 praestent
1459 2518 1668 2574 pristinae
1696 2517 1794 2565 sim·

206 2590 414 2650 plicitatis
443 2590 671 2634 amatores.
730 2586 799 2632 Ita
828 2587 865 2632 si
895 2586 949 2633 de
978 2589 1157 2633 auctore
1196 2589 1399 2645 ageretur
1436 2600 1463 2634 a
1492 2586 1629 2635 Gellio
1657 2588 1794 2646 magis

351 2752 380 2797 ¹)
406 2736 606 2798 Sulpicium
634 2748 815 2789 Masurius
837 2748 1042 2788 laudavisse
1070 2748 1214 2788 videtur
1236 2747 1335 2795 apud
1358 2748 1451 2788 Gell-
1482 2749 1534 2788 IV
1560 2752 1591 2798 1,
1615 2752 1672 2798 20,
1693 2748 1791 2805 quod

212 2805 327 2857 capnt
347 2812 465 2848 totum
487 2803 611 2847 Dii-ks.
634 2809 746 2854 'p-17
767 2802 845 2854 sqq.
868 2805 1106 2854 probabiliter
1126 2806 1256 2845 tribuit
1273 2803 1447 2845 maudo.
1804 2803 1807 2806 ’
