2098 3468
849 1081 1181 1170 Praefatio.

951 1250 1102 1258 ———-

299 1357 617 1425 Auspicatus
681 1355 814 1408 hanc
878 1356 944 1408 de
1012 1354 1168 1408 Gellii
1242 1354 1472 1408 fontibus
1539 1354 1900 1421 quaestionem

154 1443 603 1514 Gryphiswaldiae
643 1443 950 1512 priusquam
989 1443 1056 1496 ad
1094 1442 1249 1497 finem
1287 1441 1533 1510 perduxi,
1584 1441 1899 1496 Posnaniam

121 1533 529 1601 transmigravi.
650 1531 750 1598 Qui
830 1547 988 1599 quum
1053 1532 1156 1584 iam
1227 1531 1332 1586 illic
1398 1530 1696 1598 scriptionis
1769 1529 1900 1584 fines

149 1620 466 1677 coercendos
520 1635 637 1674 esse
701 1619 1073 1674 intellexissem
1090 1660 1104 1687 ,
1174 1618 1337 1672 multo
1398 1619 1563 1685 magis
1630 1618 1741 1685 hic,
1813 1618 1904 1672 ubi

61 1714 83 1723 ”
148 1711 318 1763 minus
356 1709 576 1779 privatis
617 1708 803 1762 studiis
842 1723 1083 1761 vacarem
1121 1723 1218 1760 nec
1256 1707 1511 1759 librorum
1546 1708 1675 1759 satis
1713 1722 1901 1774 magna

99 1798 112 1857 j
150 1798 301 1867 copia
339 1800 663 1866 suppeteret,
704 1811 767 1850 ea
805 1796 1120 1850 necessitate
1160 1794 1452 1864 premebar.
1515 1794 1683 1861 Quam
1721 1799 1900 1852 autem

10 1897 12 1899 ’
59 1944 63 1948 p
148 1888 352 1955 partem
405 1899 436 1937 a
488 1887 674 1938 cuncta
724 1884 1028 1952 quaestione
1080 1899 1407 1952 sevocarem‚
1467 1882 1558 1937 diu
1608 1883 1900 1952 pendebam

146 1974 317 2027 animi.
395 1974 581 2041 Neque
622 1974 758 2027 enim
804 1973 944 2027 facili
994 1974 1203 2040 negotio
1244 1988 1415 2040 neque
1457 1973 1568 2026 sine
1609 1973 1784 2041 aliqua
1822 1974 1899 2026 ia-

148 2066 299 2117 ctura
336 2077 427 2117 eas
466 2062 637 2115 dirimi
676 2078 832 2131 posse
873 2063 1113 2117 videbam
1162 2063 1481 2131 disciplinas,
1537 2077 1756 2129 quarum
1802 2077 1902 2130 per

149 2166 268 2205 sese
319 2151 497 2204 variae
556 2153 735 2203 essent
792 2150 1204 2208 necessitudines
1265 2165 1458 2217 easque
1514 2148 1715 2203 Gellius
1775 2164 1899 2202 sane

150 2253 306 2306 quam
344 2252 502 2306 saepe
543 2236 878 2292 confudisset.
944 2239 1122 2306 Atque
1164 2239 1336 2306 etiam,
1378 2254 1536 2306 quum
1572 2239 1627 2290 in
1665 2252 1900 2305 unaqua-

150 2341 253 2394 que
293 2325 565 2395 disciplina
608 2325 747 2380 levia
773 2325 996 2395 quidem,
1037 2342 1207 2394 neque
1242 2330 1418 2380 tamen
1456 2325 1598 2380 nulla
1635 2326 1899 2380 invenisse

147 2413 276 2467 mihi
314 2413 539 2481 viderer,
581 2414 682 2468 alio
722 2414 851 2467 alias
888 2413 1200 2468 trahebatur
1237 2415 1453 2468 animuS.
1534 2415 1766 2469 Tandem
1806 2430 1902 2470 au-

148 2505 295 2559 ctore
335 2517 399 2556 eo
439 2503 576 2569 viro,
626 2518 728 2569 quo
770 2502 897 2555 mihi
936 2506 992 2556 et
1031 2503 1235 2557 omnino
1277 2507 1332 2556 et
1369 2504 1423 2555 in
1463 2504 1680 2573 singulis
1718 2505 1799 2558 uti
1835 2504 1901 2557 li-

148 2590 302 2644 cebat
339 2590 488 2659 duce,
536 2591 610 2645 M.
650 2590 886 2660 Hertzi0,
934 2592 1116 2646 induxi
1155 2593 1394 2661 animum,
1434 2596 1495 2646 ut
1534 2592 1600 2646 de
1641 2607 1900 2661 gramma-

147 2680 266 2735 ticis
323 2678 555 2735 fontibus
614 2696 851 2735 seorsum
909 2697 1246 2750 quaererem,
1312 2682 1379 2736 de
1445 2682 1662 2750 reliquis
1721 2686 1900 2737 autem

113 2768 450 2838 disciplinis,
491 2769 763 2824 historiam
802 2769 932 2837 dico,
973 2769 1368 2838 philosophiam,
1407 2770 1538 2824 iuris
1580 2774 1637 2824 et
1675 2771 1901 2839 antiqui-

121 2860 315 2912 ·tatum
338 2858 377 2927 1)
418 2858 719 2926 doctrinam,
758 2858 941 2927 prima,
981 2874 1115 2932 quae
1156 2858 1309 2918 obvia
1334 2857 1513 2917 futura
1552 2848 1729 2930 esset,
1751 2875 1902 2916 occa-

148 2945 294 3003 sione
334 2946 583 3016 deinceps
623 2946 923 3004 scriberem.

304 3132 339 3182 ¹)
361 3131 426 3175 Of·
451 3145 497 3194 p.
525 3135 590 3178 37.
