2098 3256
879 126 1166 170 -43-

234 246 302 303 fit,
331 245 369 291 si
398 246 568 292 doctum
597 246 717 291 illum
742 244 885 290 Plauti
917 243 1265 300 existimatorem,
1295 257 1420 301 quem
1451 244 1559 290 bene
1588 244 1814 299 descripsit

180 360 183 363 ,
235 316 384 360 Cicero
424 317 478 360 ad
517 316 614 360 fam.
644 316 706 359 IX
740 312 806 369 16,
851 312 892 369 4,
937 313 1074 358 Servii
1114 325 1269 357 nomen
1307 314 1460 358 tulisse
1500 314 1710 358 audimus,
1770 313 1814 356 Is

233 387 379 429 utrum
407 385 587 430 indicem
617 384 758 429 Plauti
788 382 1044 438 singularem
1075 382 1275 438 ediderit,
1319 395 1375 426 an
1405 383 1520 438 quod
1551 381 1814 438 probabilius

232 453 419 502 videtur,
464 454 637 497 maioris
667 452 846 496 alicuius
883 451 981 495 libri
1019 454 1184 505 partem
1215 463 1310 494 esse
1339 452 1541 505 voluerit,
1587 463 1672 494 non
1701 463 1816 495 com-

233 524 404 576 pertum
435 524 522 576 est;
568 522 623 564 ad
668 523 863 564 nostrum
902 518 1007 562 nihil
1049 518 1198 572 refert,
1241 519 1343 574 quia
1371 519 1489 563 locus
1519 519 1591 563 ille
1619 519 1686 563 111
1717 518 1756 573 3,
1794 519 1809 559 1

235 591 290 634 ad
320 591 506 635 studium
546 590 673 634 Gellii
715 588 1115 642 demonstrandum,
1133 590 1210 630 aut
1250 599 1380 642 supra
1415 588 1619 643 diximus,
1664 600 1814 642 parum

235 659 414 703 idoneus
445 662 524 703 est.
543 656 573 713 ¹)
632 656 881 712 Impeditior
911 656 1107 711 quaestio
1150 656 1211 705 de⁴
1242 656 1534 699 commentarii
1578 656 1692 700 illius
1733 669 1814 700 usu

236 731 319 778 est;
360 740 444 783 quo
475 728 527 771 de
558 726 711 782 quibus
741 726 869 771 rebus
900 724 957 769 sit
985 729 1148 778 actum,
1193 738 1245 769 ne
1276 726 1412 769 conici
1443 726 1613 780 quidem
1643 727 1813 779 poterit.

234 796 321 842 Fac
351 796 462 840 enim
504 808 599 839 esse
637 794 750 839 huno
790 794 983 838 Servium
1010 792 1233 837 Claudium
1265 793 1457 848 eundem,
1488 805 1613 848 quem
1644 794 1815 838 Servius

236 864 466 908 scholiasta
495 864 708 908 interdum
733 864 936 916 laudavit,
969 862 1083 916 quod
1104 874 1188 905 non
1218 862 1324 905 adeo
1346 866 1508 906 certum
1540 866 1607 905 est
1622 862 1682 915 2):
1713 862 1819 904 nihil

235 932 334 977 inde
365 933 420 976 ad
450 932 786 987 cognoscendum
829 933 1125 986 argumentum
1164 928 1419 984 proficimus.
1478 930 1596 975 Serv.
1627 930 1684 975 ad
1713 930 1817 974 Aen.

235 1003 257 1045 Ι
286 1001 340 1043 52
388 1002 585 1055 „Clodius
623 1001 1024 1045 commentariorum
1061 1000 1221 1043 scriba:
1267 1006 1390 1042 vasta
1430 1000 1592 1049 inania,
1635 999 1812 1053 magna“

237 1069 329 1126 (ubi
358 1070 575 1125 Vergilius
622 1072 767 1123 „vasto
798 1067 997 1124 antro“);
1046 1067 1089 1110 ΙΙ
1119 1065 1202 1110 229
1243 1067 1297 1111 ad
1343 1065 1526 1122 Vergilii
1571 1080 1729 1123 „pavor
1758 1068 1819 1111 in-

236 1139 426 1183 sinuat“:
482 1138 679 1192 „Clodius
709 1137 847 1180 scriba
877 1136 1295 1180 commentariorum:
1341 1137 1550 1179 insinuem
1579 1137 1692 1179 intro
1724 1149 1819 1180 eam

239 1205 473 1262 „penitus.“
537 1206 656 1258 Quae
686 1209 868 1261 utraque
897 1206 1217 1260 interpretatio,
1263 1205 1317 1248 ad
1346 1205 1441 1260 ipsa
1479 1205 1657 1260 Vergilii
1687 1205 1819 1249 verba

237 1288 321 1319 non
350 1276 689 1327 accommodata,
728 1275 843 1329 cogit
872 1287 949 1317 nos
980 1275 1033 1317 de
1062 1274 1145 1317 alio
1177 1276 1479 1317 commentario
1511 1287 1638 1329 quam
1668 1275 1818 1328 Vergi-

234 1345 349 1390 liano
379 1345 580 1398 cogitare.
641 1343 781 1398 Atque
811 1343 1070 1387 Ritschelius
1103 1343 1195 1385 Par.
1226 1343 1247 1385 I
1278 1340 1360 1383 242
1401 1346 1488 1386 not.
1520 1343 1713 1387 Servium
1743 1355 1820 1386 no-

238 1417 375 1457 strum
406 1413 629 1456 Claudium
659 1425 743 1456 11011
774 1412 916 1455 Plauti
951 1411 1223 1455 scholiastam
1254 1412 1329 1454 sed
1371 1411 1729 1466 glossographum
1758 1411 1821 1454 fu-

238 1482 324 1525 isse
354 1480 589 1524 arbitratus
620 1484 699 1524 est.
759 1480 882 1523 Unde
913 1480 950 1522 si
981 1491 1064 1522 non
1094 1479 1209 1522 locos
1241 1492 1266 1522 a
1298 1479 1445 1523 Servio
1473 1479 1702 1523 scholiasta
1733 1493 1821 1523 ser-

238 1551 383 1602 vatos,
430 1551 477 1591 at
505 1548 691 1592 fortasse
730 1548 927 1591 Nerienis
967 1547 1367 1600 interpretationem
1408 1551 1557 1591 nostro
1588 1548 1679 1592 loco
1712 1548 1735 1603 ἓ
1770 1548 1820 1591 19

241 1629 293 1661 ex
320 1617 393 1660 illo
423 1619 759 1671 transsumptam
789 1617 844 1660 ad
874 1615 1016 1659 Plauti
1037 1628 1207 1659 versum
1237 1615 1280 1670 (ξ
1313 1617 1381 1666 11)
1408 1617 1667 1671 applicatam
1687 1617 1820 1661 fuisse

239 1685 439 1731 credibile
484 1689 563 1730 est.
632 1686 785 1730 Restat
825 1689 874 1729 ut
925 1698 1147 1740 quaeram,
1194 1686 1343 1740 ipsone
1384 1687 1476 1730 eius
1514 1688 1819 1731 commentario

238 1766 342 1798 usus
372 1755 429 1798 sit
458 1757 616 1799 noster.
675 1761 737 1798 Ac
766 1755 899 1798 totius
931 1755 1102 1810 quidem
1132 1755 1283 1810 capitis
1313 1755 1472 1800 fontem
1497 1756 1707 1811 indagare
1735 1769 1820 1800 non

238 1823 377 1878 potui,
412 1836 463 1867 ex
493 1835 576 1878 quo
607 1823 737 1867 etiam
768 1823 936 1867 Claudii
966 1823 1161 1867 notitiam
1182 1823 1365 1868 Gellium
1396 1826 1612 1879 accepisse
1642 1826 1819 1870 diceres.

239 1891 371 1945 Atqui
401 1903 529 1945 quum
558 1891 672 1934 dicat
700 1892 744 1933 in
772 1890 857 1934 fine
885 1892 1056 1945 capitis:
1094 1904 1167 1946 „ac
1197 1905 1250 1935 ne
1279 1893 1323 1936 id
1354 1894 1524 1948 quidem
1554 1894 1819 1948 praetermit-

244 1959 442 2008 „tendum
460 1958 607 2014 puto‘,
639 1959 793 2015 quibus
813 1959 955 2004 verbis
986 1972 1037 2004 ea
1068 1973 1246 2005 assuere
1267 1962 1435 2006 solebat
1452 1961 1499 2017 ³),
1532 1975 1643 2018 quae
1668 1966 1820 2017 postea

239 2027 423 2071 addebat
454 2028 649 2072 absoluto
679 2028 764 2071 iam
793 2029 945 2083 capite,
991 2032 1039 2072 ut
1069 2032 1287 2073 auctorem
1326 2030 1482 2084 reliqui
1512 2031 1665 2085 capitis
1697 2030 1820 2074 Clau-

241 2096 357 2139 dium
386 2107 469 2138 non
489 2095 634 2150 fuisse,
666 2096 728 2139 ita
758 2107 1010 2151 persuasum
1030 2096 1167 2140 habeo
1199 2111 1282 2140 non
1313 2098 1367 2141 ab
1397 2099 1469 2142 illo
1491 2099 1695 2142 traditum
1725 2111 1822 2142 esse

242 2163 392 2218 GeUio,
423 2164 513 2217 sed,
545 2166 595 2207 ut
622 2177 692 2207 res
714 2167 793 2219 est,
823 2176 907 2208 non
927 2177 1036 2219 nego
1067 2165 1207 2219 ipsum
1227 2166 1422 2210 Servium
1442 2166 1666 2211 Claudium
1695 2179 1721 2210 a
1750 2179 1805 2211 no

242 2235 334 2276 stro
363 2232 599 2276 adhibitum
628 2245 734 2277 esse.

382 2393 409 2436 ¹)
434 2391 652 2429 Ritschelius
676 2392 820 2437 quidem
845 2393 927 2428 Par.
951 2393 968 2429 I
993 2393 1038 2427 92
1061 2396 1135 2428 not.
1174 2397 1214 2430 et
1238 2402 1317 2429 cum
1352 2404 1394 2429 eo
1418 2393 1599 2430 Mercklin
1623 2404 1660 2438 p.
1688 2395 1756 2429 643
1781 2394 1826 2431 de

243 2450 365 2487 Servio
390 2449 541 2486 Claudio
566 2460 588 2485 a
611 2450 772 2486 Varrone
808 2451 969 2486 adhibito
1007 2450 1162 2486 dubitari
1195 2461 1304 2495 posse
1329 2452 1481 2486 censuit.
1531 2451 1674 2486 Citatur
1705 2456 1827 2489 tamen

241 2506 412 2543 Claudius
436 2508 546 2544 etiam
578 2508 611 2543 d.
635 2507 721 2553 ling.
746 2508 811 2543 lat.
839 2509 907 2542 VII
942 2509 998 2554 70,
1025 2509 1107 2545 106:
1143 2508 1237 2544 idem
1268 2513 1388 2544 autem
1422 2509 1512 2544 Acci
1541 2509 1637 2553 quod
1661 2510 1752 2552 Titi,
1788 2514 1829 2545 ut

240 2565 356 2601 aiunt.
405 2566 442 2601 Si
467 2566 587 2610 aliquo
604 2566 711 2601 modo
736 2578 756 2603 e
781 2567 942 2605 Varrone
960 2566 1113 2602 derivari
1136 2570 1266 2610 potest,
1291 2571 1331 2602 ut
1354 2566 1494 2610 reliqui,
1520 2566 1739 2603 derivandus
1763 2571 1828 2603 est.

382 2623 412 2666 ²)
440 2623 610 2669 Separari
635 2623 755 2668 utique
781 2623 887 2660 debet
910 2622 1055 2659 Clodius
1089 2623 1227 2658 Tuscus
1252 2623 1300 2658 ad
1324 2624 1417 2660 Aen.
1433 2624 1504 2659 ΧΠ
1530 2624 1597 2659 657
1623 2624 1668 2660 cf.
1692 2624 1829 2661 Lersch

243 2679 376 2715 Philos.
400 2679 486 2725 ling.
510 2685 595 2717 vett.
619 2682 674 2717 111
702 2682 778 2717 153.
828 2680 900 2717 Sed
922 2680 1017 2716 hunc
1041 2679 1152 2716 fuisse
1176 2679 1276 2715 illum
1298 2682 1638 2718 commentariorum
1662 2681 1828 2722 scribam,

242 2736 522 2776 fortasserecte
545 2737 718 2774 iudicavit
741 2737 939 2784 Merkelius
964 2736 1056 2782 prol.
1080 2737 1144 2774 Ov.
1170 2737 1272 2773 Fast.
1299 2748 1337 2784 p.
1360 2738 1490 2775 LXVI.

383 2794 414 2839 ³)
441 2793 489 2830 cf.
505 2793 669 2841 ,MerckL
694 2806 730 2841 p.
756 2797 823 2832 702
848 2804 922 2840 sqq.
