2098 3261
957 136 1026 154 ·—
1079 112 1255 165 32-

309 237 410 293 ·alii‚
450 236 524 293 qui
552 238 726 292 praeter
754 235 910 280 similia
941 247 993 280 ea
1022 248 1193 293 quoque
1223 235 1424 292 afferant,
1468 248 1580 293 quae
1608 248 1688 291 per
1716 235 1900 291 Gellium

310 318 402 351 >non
433 305 719 360 explicentur,
763 303 976 360 alienique
1003 303 1134 350 fontis
1170 305 1456 361 suspicionem
1483 308 1702 361 moveant,
1748 305 1899 355 rium

318 375 412 430 alii,
443 374 517 431 qui
546 378 726 418 externa
745 373 931 429 quadam
953 373 1230 418 similitudine
1260 375 1509 419 memoriam
1528 378 1729 420 revocent
1753 373 1899 425 Gellii,
1920 382 1925 388 s
1975 370 1989 443 .-

318 444 620 489 auctoritatem
650 454 737 486 non
767 442 951 497 sapiant.

455 523 598 567 Primo
641 522 788 577 generi
827 511 907 566 lios
947 522 1254 568 adnumerabo:
1273 526 1306 573 ¹)
1351 524 1473 569 XVII
1502 521 1528 566 6
1557 523 1666 568 Non.
1702 535 1744 578 p.
1774 477 1874 566 38
1859 534 1898 568 a.

317 605 351 636 s,
372 605 411 636 v.
435 588 723 646 recepticium.
753 590 855 645 Ipsa
873 590 964 635 fere
984 588 1111 635 Gellii
1136 591 1268 635 verba
1286 593 1474 648 repetiit,
1504 592 1732 648 Plautique
1760 596 1901 636 exem-

313 661 432 717 plum
462 659 504 716 (ξ
525 658 573 710 7)
594 660 912 714 transsumpsit,
942 659 1017 703 sed
1048 659 1203 704 adiecit
1231 659 1370 704 locum
1390 660 1606 705 Ciceronis
1635 663 1785 705 nostro
1811 658 1901 705 non

315 719 551 783 laudatum·
592 728 633 772 x
653 726 723 783 24,
744 726 772 769 4
792 728 898 772 Non.
920 740 960 783 p.
987 724 1067 768 109
1087 740 1114 770 a
1147 740 1181 772 s.
1197 741 1237 773 v.
1257 729 1401 782 priva:
1433 728 1599 773 addidit
1617 728 1798 776 alterum
1813 719 1903 783 La.

314 797 402 841 cilii
421 797 573 852 locum,
604 809 644 852 p.
677 794 733 837 24
763 809 802 840 a.
832 808 867 840 s.
898 809 936 839 v.
966 795 1153 850 privum:
1186 795 1312 840 Gellii
1340 795 1472 841 verba
1500 799 1545 841 et
1574 795 1810 852 exemplum
1828 796 1900 857 in·
1970 809 1974 812 ·
2062 777 2078 796 ⁵

314 867 486 917 venies,
531 866 609 910 sed
649 864 824 910 tertium
854 865 939 909 iam
968 863 1121 908 Lucilii
1150 876 1321 909 versum
1351 864 1553 921 allatum,
1599 877 1780 921 cumque
1814 870 1899 910 non

314 935 587 979 subiunctum
618 933 827 989 Gellian0‚
857 933 934 978 scd
962 933 1256 988 praemissum.
1295 934 1406 979 Item
1431 933 1675 990 exemplum
1694 932 1899 979 Gellianis

315 1004 508 1048 additum
539 1006 583 1047 et
611 1002 906 1057 praepositum
934 1001 1092 1047 habes:

552 1070 662 1115 Gell-
690 1070 730 1114 V
761 1070 828 1126 2¹,
864 1069 916 1112 16
974 1069 1083 1115 Non.
1111 1083 1152 1125 p.
1212 1069 1261 1112 61
1296 1071 1324 1114 b
1355 1070 1609 1126 compluries

595 1173 616 1193 ,,
664 1138 727 1182 XI
785 1136 812 1178 2
1026 1172 1046 1193 ,,
1111 1151 1153 1194 p.
1185 1136 1268 1180 315
1299 1138 1327 1182 b
1357 1139 1566 1195 eligantes

596 1242 616 1262 ,‚
645 1205 727 1251 XV
785 1205 811 1248 5
1025 1241 1046 1260 ,,
1110 1219 1150 1261 p.
1187 1206 1265 1250 109
1296 1207 1324 1252 b
1355 1206 1610 1264 Profligare‚
1664 1206 1739 1251 ubi
1775 1219 1900 1264 prae-

314 1278 493 1322 missum
524 1280 592 1320 est
622 1274 860 1330 exemplum
891 1273 1215 1330 significationis
1245 1288 1274 1320 a
1301 1279 1451 1320 nostro
1480 1275 1744 1331 repudiatae.

452 1355 520 1402 Ab
546 1355 616 1399 his
645 1355 731 1399 iam
760 1354 931 1410 longius
962 1354 1188 1400 discedunt
1217 1355 1302 1401 duo
1333 1356 1437 1411 loci,
1479 1356 1552 1412 qui
1584 1355 1776 1412 exempla
1805 1354 1898 1411 qui·

315 1427 412 1471 dem
442 1424 639 1469 Gelliana
668 1422 867 1478 afferunt,
897 1423 973 1467 sed
1008 1424 1250 1468 accuratius
1281 1425 1509 1480 adscripta.
1568 1424 1632 1468 XI
1662 1423 1687 1465 7
1715 1423 1826 1468 Non.
1856 1432 1897 1479 p.

313 1493 371 1537 50
400 1506 439 1538 a.
469 1505 503 1537 s.
535 1505 574 1536 v.
605 1491 786 1547 apludas
816 1504 857 1545 p.
890 1489 945 1533 56
974 1491 1016 1535 b.
1049 1504 1083 1535 s.
1113 1505 1153 1536 v.
1183 1491 1425 1537 boviatores
1454 1506 1497 1548 p.
1520 1491 1574 1535 78
1603 1492 1644 1536 b.
1675 1504 1710 1537 s.
1724 1504 1768 1536 v.
1799 1490 1898 1537 floc-

313 1576 399 1608 ces.
450 1562 498 1606 Ρ.
531 1559 586 1603 56
616 1560 658 1605 b.
689 1560 843 1605 Lucilii
872 1559 1011 1605 locum
1042 1573 1069 1604 a
1089 1560 1227 1605 Gellio
1257 1561 1483 1606 advectum
1512 1561 1555 1617 (ξ
1585 1558 1631 1616 9)
1662 1564 1899 1605 transsum-

314 1632 414 1685 psit,
446 1643 487 1684 p.
518 1627 574 1670 50
605 1642 644 1677 a,
673 1628 866 1682 Apludas
897 1642 924 1671 a
953 1629 1107 1672 Plauto
1137 1630 1181 1672 in
1211 1629 1397 1672 Astraba
1431 1630 1590 1673 dictum
1620 1641 1717 1672 esse
1745 1628 1897 1678 innuit,

314 1702 359 1743 et
404 1698 582 1752 addidit,
626 1697 835 1741 incertum
881 1708 990 1750 esse,
1036 1710 1091 1740 an
1135 1697 1277 1741 Plauti
1322 1710 1373 1742 ea
1415 1696 1561 1742 fabula
1606 1700 1743 1753 esset,
1788 1697 1899 1753 quae

317 1767 459 1812 omnia
498 1780 550 1810 ex
590 1765 728 1810 Gellio
769 1765 814 1820 (ἓ
854 1764 912 1820 5).
973 1765 1134 1809 Contra
1176 1765 1348 1815 flocces,
1394 1766 1447 1810 de
1483 1778 1570 1822 quo
1612 1765 1778 1809 Gellius
1814 1765 1895 1820 §6

313 1848 394 1881 nos
413 1835 469 1879 ad
489 1833 721 1880 Caecilium
740 1833 917 1888 relegat,
941 1845 1023 1877 non
1044 1834 1201 1878 additis
1221 1834 1337 1878 illius
1357 1834 1513 1890 verbis,
1534 1834 1698 1878 Nonius
1717 1846 1758 1890 p.
1781 1832 1838 1876 78
1853 1832 1895 1878 b.

313 1907 408 1961 ipso
454 1903 627 1949 Caecilii
667 1903 762 1947 loco
817 1901 1007 1946 illustrat
1046 1902 1206 1947 diserte
1251 1903 1473 1963 apposito..
1535 1903 1666 1947 Vides
1708 1902 1898 1946 Nonium

315 1973 370 2019 ab
401 1975 601 2018 accurato
632 1971 824 2016 examine
854 1982 939 2014 non
969 1970 1257 2016 abhorruisse.

453 2063 588 2108 Simili
616 2063 784 2107 ratione
813 2063 877 2106 uti
907 2062 1099 2107 videtur:

455 2132 563 2177 Gell.
594 2131 717 2176 XVII
747 2130 792 2172 2:
837 2130 947 2174 Non.
976 2143 1016 2184 p.
1047 2129 1098 2172 61
1134 2130 1173 2173 b.
1204 2143 1238 2174 s.
1268 2144 1308 2174 v.
1339 2131 1577 2185 copiantur,
1611 2143 1651 2184 p.
1684 2130 1739 2172 70
1764 2143 1807 2175 a.
1837 2143 1896 2175 ss.

314 2215 379 2246 vv.
413 2202 614 2245 diurnare
643 2203 689 2243 et
717 2198 934 2253 duritudo‚
972 2210 1013 2252 p.
1046 2196 1101 2239 78
1131 2211 1169 2242 a.
1201 2211 1232 2241 s.
1263 2211 1302 2242 v.
1333 2198 1522 2254 frunisci,
1562 2210 1599 2253 p.
1631 2196 1687 2240 88
1717 2197 1759 2242 b.
1788 2198 1898 2243 inla-

314 2270 503 2324 tebrare,
532 2281 572 2323 p.
604 2265 687 2309 275
718 2279 756 2310 a.
786 2266 1026 2314 subnixum.

454 2362 521 2405 De
560 2360 641 2404 hoc
680 2360 775 2404 loco
806 2360 979 2414 saepius
1008 2359 1094 2403 iam
1139 2358 1379 2403 dubitatum
1425 2361 1470 2402 et
1511 2358 1775 2413 disputatum
1819 2360 1898 2403 est.

316 2430 554 2476 Luculenta
584 2429 696 2475 enim
725 2427 793 2473 hic
823 2431 868 2472 et
895 2428 1144 2484 diligentiae
1170 2431 1218 2473 et
1246 2428 1531 2484 negligentiae
1556 2427 1741 2484 vestigia
1768 2437 1899 2483 appa-

316 2506 428 2554 rent,
459 2512 569 2553 quae
600 2498 783 2542 adversa
811 2496 950 2540 fronte
979 2500 1183 2551 pugnant.
1214 2490 1459 2551 ‘Discrepat
1486 2497 1557 2541 ille
1586 2509 1614 2540 a
1643 2495 1781 2541 Gellio
1809 2496 1897 2551 pri-

315 2579 446 2618 mum,
476 2567 589 2622 quod
619 2579 661 2621 p.
681 2564 733 2609 61
758 2565 796 2609 b.
826 2564 1067 2621 exemplum
1098 2578 1151 2610 ex
1165 2565 1349 2621 Virgilio
1379 2563 1505 2610 affert
1533 2565 1587 2610 ad
1621 2562 1900 2622 „aquantur‘‚

455 2740 483 2783 ¹)
520 2738 593 2775 Ubi
625 2737 715 2774 nihil
746 2736 845 2774 aliud
874 2746 982 2783 quam
1010 2735 1177 2783 exempla
1208 2737 1414 2783 proposuit,
1447 2740 1551 2782 patet
1581 2747 1689 2783 quam
1718 2726 1897 2772 lubricum

310 2795 362 2833 Sit
382 2794 567 2834 iudicium.
