2098 3256
819 152 1132 206 *105-

164 270 279 332 sua,
311 275 461 334 itaque
484 277 610 323 ‘auxit
637 290 858 323 numerum
886 278 1005 323 illum
1033 279 1232 334 locorum,
1275 289 1383 334 quos
1414 275 1579 322 Gellius
1609 284 1769 329 propo-

190 345 290 399 suit,
322 342 479 402 quibus
509 346 739 402 scriptores
770 347 1067 402 garrulitatem
1098 348 1369 392 notavissent.
1411 346 1473 390 Ac
1502 342 1655 389 tribuit
1682 341 1766 386 Fa-

170 414 337 460 ‚vorino
365 428 493 460 unam
523 419 692 460 tantum
720 416 1056 470 paragraphum3
1087 430 1171 460 non
1191 418 1369 461 mirarer
1398 418 1543 459 autem
1573 413 1610 457 si
1642 411 1768 466 plura

188 482 373 527 deberet.
464 484 589 527 Tales
645 487 761 528 certe
817 485 1138 528 dissertationes
1193 485 1255 528 illi
1301 484 1531 527 familiares
1579 480 1768 524 fuerunt.

188 550 210 595 1
237 549 306 606 21,
337 549 365 591 4
404 550 625 596 confirmat
664 552 821 607 Hygini
861 551 1062 596 iudicium
1102 552 1145 595 in
1175 552 1366 606 Vergilio
1399 550 1581 603 factum,
1625 548 1689 592 ita
1718 550 1768 591 ut

101 614 104 617 ’
187 618 300 664 hunc
330 620 545 680 imitatum
588 633 683 665 esse
722 621 968 665 Lucretium
1009 621 1219 665 ostendat.
1276 621 1319 664 II
1349 620 1374 661 5
1403 619 1542 674 lepide
1573 618 1763 662 Flamniss

188 688 426 733 orationem
466 692 510 733 et
532 684 705 744 'Lysiae
743 693 975 745 comparat.
1035 690 1078 733 H
1107 687 1161 731 26
1193 688 1216 744 ξ
1248 687 1379 731 3--6
1424 688 1611 731 colorum
1640 697 1763 730 voca-

188 755 290 801 bula
319 770 475 812 graeca
504 762 549 802 et
576 758 710 803 latina
740 763 980 814 comparat,
1026 772 1120 803 cum
1159 759 1439 802 admiratione
1476 767 1654 811 graecae
1690 766 1762 798 co-

171 825 297 881 piae,
336 825 495 870 latinae
524 828 748 871 tenuitatis
779 828 994 883 despectu.
1053 828 1112 871 At
1142 830 1371 882 postquam
1403 825 1535 869 multa
1564 823 1604 867 ei
1632 833 1761 865 voca-

188 892 290 937 bula
318 893 451 937 latIna
480 894 785 939 demonstravit
815 900 859 939 et
887 896 1197 951 interpretatus
1218 898 1284 939 est
1303 894 1479 948 Fronto,
1510 892 1762 946 deprecatur

188 958 213 1016 ξ
243 959 298 1002 20
329 960 443 1005 illius
473 962 828 1018 indignationem,
881 970 926 1007 et
965 964 1018 1007 de
1058 962 1368 1019 significatione
1407 960 1505 1005 flavi
1543 959 1761 1011 dedoctus,

188 1030 371 1075 Enniani
400 1043 549 1076 versus
580 1044 752 1076 sensum
783 1033 970 1077 ostendit
1000 1032 1024 1087 ξ
1055 1032 1105 1074 21
1123 1030 1235 1074 -23.
1295 1031 1361 1075 ΙΠ
1396 1033 1411 1071 1
1454 1029 1600 1074 studet
1627 1026 1765 1071 Sallu-

187 1099 429 1155 stiiloeum,
457 1100 501 1144 in
531 1114 615 1156 quo
648 1100 897 1156 offenderat,
927 1101 1181 1156 intelligere,
1212 1100 1452 1155 inquirendi
1471 1097 1607 1153 magis
1638 1107 1764 1152 quam

187 1168 423 1223 explicandi
463 1172 624 1213 auctor.
684 1170 768 1214 Sed
807 1170 930 1214 reicit
967 1173 1112 1214 tamen
1142 1168 1165 1225 ξ
1196 1168 1222 1211 6
1258 1168 1500 1223 opinionem
1529 1165 1760 1218 cuiusdam,

185 1237 258 1292 qui
302 1239 519 1282 auctorem
563 1239 793 1283 ementitus
837 1238 1057 1283 Valerium
1108 1236 1303 1282 Probum
1355 1237 1493 1281 locum
1537 1245 1763 1290 perperam

185 1306 379 1359 accipere
406 1305 644 1350 videbatur.
702 1306 766 1350 ΠΙ
796 1305 835 1361 3,
866 1305 892 1348 6
923 1306 1062 1350 Plauti
1093 1305 1386 1350 Nervolariam
1416 1316 1528 1360 quae
1556 1303 1601 1347 in
1629 1302 1762 1345 incer-

185 1373 241 1418 tis
271 1371 428 1417 fabulis
459 1373 709 1427 habebatur,
741 1388 870 1430 quum
901 1388 1031 1419 unum
1061 1376 1152 1419 eius
1174 1375 1365 1419 audisset
1393 1385 1577 1425 versum,
1611 1371 1764 1415 Plauto

185 1441 340 1485 reddit.
399 1442 461 1485 IV
496 1443 513 1483 1
547 1444 721 1497 penoris
753 1442 1061 1493 definitionem,
1104 1447 1329 1498 postquam
1359 1441 1521 1485 frustra
1550 1453 1602 1484 ex
1629 1450 1767 1494 gram-

189 1509 343 1555 matico
394 1510 576 1566 quodam
625 1512 861 1568 quaesivit,
931 1512 1088 1556 auxilio
1137 1511 1364 1557 Scaevolae
1412 1510 1504 1555 ICti
1554 1507 1768 1564 proponit.

186 1578 225 1621 V
258 1577 323 1633 11,
359 1576 410 1620 13
439 1578 573 1623 refert
602 1579 779 1629 Gellius,
819 1580 1074 1624 Favorinum
1103 1579 1304 1623 mulieres
1334 1580 1527 1623 modesta
1555 1577 1693 1621 forma
1722 1578 1768 1619 et

187 1645 295 1692 bene
323 1647 528 1692 mediocri
559 1648 734 1693 uxorias
766 1648 1018 1704 appellasse.
1078 1648 1182 1693 VIII
1212 1646 1237 1689 2
1269 1661 1293 1693 e
1322 1648 1519 1693 lemmate
1560 1645 1766 1698 novimuS,

184 1716 449 1760 Favorinum·
471 1715 610 1761 Gellio
641 1717 785 1761 decem
813 1717 944 1762 verba
976 1719 1305 1771 enumeravisse‚
1344 1716 1497 1772 quibus
1528 1715 1681 1759 Graeci
1714 1716 1763 1757 ut

185 1784 276 1828 suis
307 1786 555 1840 uterentur,
599 1798 730 1840 quum
760 1785 944 1830 barbara
984 1789 1139 1830 essent.
1200 1786 1304 1830 VIII
1343 1783 1391 1826 :4
1420 1796 1571 1829 rursus
1603 1787 1765 1836 eorum’,

187 1864 297 1908 quae
326 1853 573 1909 disputavit,
604 1854 682 1898 soli
712 1854 900 1898 lemmati
931 1855 1125 1899 notitiam
1156 1854 1373 1909 debemus,
1403 1853 1516 1908 quod
1537 1850 1765 1896 exhibebo:

194 1920 503 1977 „Lepidissima
541 1921 779 1970 altercatio.
795 1923 995 1969 Favorini
1034 1922 1278 1979 philosophi
1316 1922 1520 1967 adversus
1557 1919 1767 1977 quendam

190 1990 559 2045 „intempestivum
600 1992 653 2036 de
693 1992 973 2047 ambiguitate
1013 1993 1240 2037 verborum
1281 1992 1587 2044 disserentem3
1637 1991 1766 2043 atque

191 2057 319 2113 ¹,inibi
336 2057 469 2103 verba
497 2059 708 2114 quaedam
736 2072 789 2104 ex
808 2059 970 2104 Naevio
1003 2064 1132 2114 poeta
1163 2065 1207 2105 et
1229 2059 1303 2104 Cn.
1326 2059 1466 2104 Gellio
1496 2070 1578 2102 non
1608 2057 1766 2101 usitate

193 2125 444 2183 „collocata3
476 2131 606 2184 atque
634 2129 792 2173 ibidem
823 2143 849 2173 a
881 2130 924 2173 P.
947 2129 1118 2185 Nigidio
1148 2130 1334 2185 origines
1364 2128 1666 2173 vocabulorum
1696 2138 1770 2169 ex-

193 2196 449 2252 „ploratae.“
511 2197 573 2242 Ac
602 2198 755 2243 salium
784 2199 977 2254 quidem,
1022 2198 1177 2253 quibus
1212 2198 1404 2242 homines
1434 2194 1639 2253 ἀκαίρους
1666 2207 1763 2249 per-

186 2264 340 2310 fricare
369 2265 520 2311 solitus
551 2267 620 2321 sit,
652 2267 836 2323 vestigia
865 2268 1017 2312 relicta
1047 2267 1148 2311 alibi
1177 2271 1279 2312 sunt
1309 2280 1373 2311 ex.
1403 2279 1466 2322 gr.
1495 2265 1557 2309 IV
1592 2264 1625 2306 1.
1679 2262 1764 2308 Sed

189 2333 386 2390 ambigua
414 2335 545 2380 verba
576 2348 659 2380 non
689 2349 864 2392 quaero,
897 2349 1105 2393 quaenam
1133 2336 1305 2390 fuerint,
1351 2336 1426 2379 sed
1457 2337 1599 2378 utrum
1629 2331 1764 2377 ambi·

188 2415 274 2458 gua
300 2402 459 2447 fuerint
497 2403 737 2459 significatu
774 2418 829 2449 an
858 2408 1034 2459 propter
1062 2404 1234 2448 dubiam
1263 2404 1307 2446 in
1337 2403 1551 2448 sententia
1580 2401 1766 2458 quadam

190 2470 525 2518 collocationem.
565 2471 674 2517 Illud
709 2473 823 2518 enim
853 2473 889 2517 si
919 2473 1196 2528 commendat,
1228 2471 1342 2527 quod
1372 2471 1521 2516 eodem
1548 2472 1593 2517 in
1623 2470 1763 2527 capite

190 2539 376 2593 origines
395 2540 696 2584 vocabulorum
727 2541 956 2584 secundum
978 2541 1194 2595 Nigidium
1215 2543 1442 2583 enarratae
1470 2539 1657 2594 fuerunt,
1687 2540 1770 2584 hoc

187 2605 328 2651 fulciri
358 2608 507 2652 eodem
537 2609 662 2653 modo
692 2611 835 2664 potest
863 2607 1005 2653 verbis
1036 2621 1088 2652 ex
1116 2607 1278 2653 Naevio
1309 2610 1437 2663 poeta
1468 2611 1513 2653 et
1533 2607 1608 2654 Cn.
1631 2608 1768 2654 Gellio

189 2675 395 2719 inusitate
425 2678 657 2722 collocatis.
668 2678 698 2733 ¹)
746 2677 836 2721 Nec
864 2679 1018 2721 lemma
1047 2678 1262 2731 persimile
1293 2679 1320 2721 l.
1351 2679 1497 2722 XVIII
1529 2680 1575 2722 7:
1613 2679 1772 2733 „Quem

331 2777 356 2824 ¹)
392 2777 617 2825 Quamquam
654 2779 873 2823 „conocaw
911 2779 1074 2825 accipere
1110 2780 1227 2825 possis
1263 2780 1482 2825 „adhibita“.
1530 2781 1585 2817 Of.
1621 2781 1691 2817 VII
1725 2782 1769 2817 16

188 2823 538 2916 ἰζιῖιιὲῗοῶἲξῗξῦιιω
563 2825 737 2871 deprecor
760 2836 784 2862 a
807 2826 949 2863 Catullo
973 2825 1192 2863 inusitate
1216 2826 1357 2871 quidem
1382 2827 1447 2863 sed
1471 2831 1555 2872 apte
1579 2826 1770 2872 positum
