2098 3261
941 120 1229 167 ...64—

291 239 462 286 Tironis
502 240 689 284 occurrit
716 239 758 284 X
792 238 829 295 1,
860 238 899 293 7,
946 250 1001 283 ex
1043 249 1179 295 eaque
1219 237 1399 285 affertur
1437 237 1556 289 locus
1594 248 1877 294 permaguum

296 321 555 367 quamquam
586 320 738 363 parum
769 308 970 363 ostendit,
1001 310 1146 352 utrum
1174 308 1229 353 de
1260 307 1502 367 discrimine
1529 306 1762 351 formarum
1789 308 1876 356 ter-

293 378 401 422 tium
432 380 476 421 et
504 376 634 420 tertio
665 376 821 420 dixerit
851 376 966 429 Tiro,
997 387 1053 419 an
1081 375 1309 419 historiam
1339 376 1473 420 solam
1503 375 1557 419 de
1577 373 1781 419 Cicerone
1810 386 1878 421 ar·

292 444 409 489 bitro
453 443 705 488 narraverit.
783 442 1010 498 Utcunque
1051 445 1196 486 autem
1226 443 1494 487 existimabis
1507 473 1517 491 ‚
1563 442 1671 486 satis
1709 445 1880 487 constat

294 511 430 557 altero
466 511 709 566 fragmento
725 545 736 567 ,
780 512 979 557 Tironem
1016 511 1059 555 in
1090 510 1285 566 epistulis
1314 510 1637 567 grammaticum
1666 508 1807 566 egisse
1835 513 1881 555 et

294 580 577 636 epistularum
606 579 744 625 forma
775 584 824 625 ut
852 579 966 626 facili
998 582 1043 624 et
1071 579 1292 624 commoda
1319 591 1445 624 usum
1475 592 1570 624 esse
1592 580 1647 623 ad
1666 579 1880 634 quaestio·

294 660 370 692 nes
399 647 716 702 grammaticas.
776 647 893 703 Ergo
939 647 974 690 si
1020 646 1158 691 eidem
1199 647 1348 702 generi
1386 649 1502 691 recte
1547 646 1881 694 adnumerantur

292 716 463 761 Tironis
494 715 721 770 epistulae,
758 715 826 760 cui
857 714 1065 759 Varronis
1096 715 1371 770 quaestiones
1402 714 1664 768 epistulicae‚
1691 715 1759 759 *de
1787 715 1881 770 qui-

295 784 376 828 bus
414 783 513 827 vide
542 782 709 826 Bitschl
737 783 796 827 M.
826 781 907 826 Rh.
937 782 997 827 VI
1027 781 1132 837 537,
1172 781 1237 826 vel
1265 781 1408 837 Valgii
1437 780 1537 825 Rufi
1564 782 1619 827 de
1647 782 1776 827 rebus
1806 794 1883 837 per

295 846 526 908 epistulam
556 851 777 907 quaesitis,
806 849 923 896 haud
953 850 1115 906 dubito,
1146 851 1248 906 quin
1278 863 1353 895 eas
1384 864 1555 906 quoque
1586 850 1748 895 Gellius
1777 852 1883 896 XIII

297 919 338 970 9,
368 919 395 961 2
424 919 608 975 intelligi
635 919 845 968 voluerit,
892 918 1061 962 Tironis
1090 917 1223 962 libros
1253 918 1308 963 de
1338 917 1466 965 variis
1498 922 1630 975 atque
1658 920 1882 976 promiscis

296 988 621 1046 quaestionibus
650 999 907 1033 memorans.

436 1058 592 1101 Restat
642 1056 762 1100 locus
778 1087 788 1105 ‚
834 1068 961 1111 quem
1003 1057 1280 1110 pandectisne
1323 1069 1379 1100 an
1424 1056 1618 1111 epistulis
1668 1057 1884 1113 assignem

297 1125 453 1172 dubius
482 1125 654 1170 haereo.
713 1124 826 1169 Illud
856 1123 1042 1169 fortasse
1072 1129 1290 1179 praestat,
1330 1126 1432 1181 quia
1461 1129 1505 1169 et
1532 1125 1615 1170 hoc
1643 1126 1736 1172 loco
1766 1129 1811 1169 et
1839 1126 1884 1169 in

296 1194 537 1249 fragmento
577 1193 882 1247 pandectarum
922 1193 1118 1248 quaestio
1159 1194 1442 1248 etymologica
1472 1195 1668 1239 occurrit.
1743 1193 1828 1236 XII
1857 1191 1884 1234 3

299 1261 466 1308 lictoris
497 1264 669 1318 etymon
699 1273 726 1306 a
755 1260 911 1318 Valgio
942 1259 1053 1307 Rufo
1084 1260 1244 1307 dictum
1273 1260 1481 1317 probatur
1510 1276 1537 1308 a
1566 1261 1725 1313 Gellio,
1769 1260 1888 1308 refu·

298 1336 422 1377 tatur
459 1332 631 1376 Tironis
669 1329 693 1385 §
725 1330 765 1375 3.
823 1330 1006 1386 Valgius
1052 1343 1309 1386 quamquam
1353 1344 1430 1386 per
1474 1333 1630 1376 aetatis
1674 1332 1883 1376 rationem

299 1399 501 1443 Tironem
530 1398 708 1442 laudare
739 1398 893 1454 potuit,
938 1401 1083 1443 tamen
1112 1397 1183 1443 hic
1212 1410 1296 1443 non
1325 1398 1495 1444 videtur
1522 1397 1687 1445 fecisse.
1746 1398 1885 1444 Inter·

298 1468 401 1512 iecit
444 1468 555 1512 enim
605 1470 808 1522 tanquam
858 1468 1067 1522 parietem
1116 1467 1230 1511 inter
1277 1468 1384 1512 duas
1430 1468 1651 1522 opiniones
1697 1467 1883 1513 Gellius:

305 1535 450 1592 ‚Haec
479 1537 541 1581 ita
570 1534 791 1592 Valgius“.

441 1604 581 1650 Curae
612 1605 796 1660 denique
825 1605 994 1649 Tironis
1025 1605 1070 1648 in
1099 1606 1374 1650 emendandis
1403 1605 1524 1650 libris
1556 1605 1774 1650 Ciceronis
1804 1607 1886 1650 col·

299 1675 467 1720 locatae
495 1674 653 1719 mentio
683 1672 733 1718 fit
760 1674 782 1718 Ῑ
813 1673 852 1729 7,
887 1674 935 1728 1;
964 1674 1069 1718 XIII
1099 1672 1168 1729 21,
1203 1673 1279 1728 163
1310 1673 1360 1719 cf.
1390 1674 1471 1718 XV
1501 1674 1540 1729 6,
1573 1672 1610 1717 2.

745 1790 828 1838 22.
902 1788 955 1838 C.
996 1788 1248 1838 Trebatius
1286 1789 1444 1838 Testa.

443 1879 526 1923 Hic
566 1881 633 1923 est
660 1877 882 1922 familiaris
914 1877 1132 1922 Ciceronis
1172 1878 1423 1922 adolescens
1452 1877 1558 1933 (Cic.
1588 1879 1642 1923 ad
1675 1878 1772 1922 fam.
1804 1878 1889 1923 VII

302 1946 343 1997 5,
373 1943 432 2002 3),
478 1946 791 1992 iureconsultus
837 1948 882 1990 et
926 1944 1102 1990 Caesari
1147 1949 1191 1990 et
1234 1948 1387 2001 postea
1427 1946 1622 2001 Augusto
1663 1946 1885 2002 probatus.

301 2014 529 2060 Laudatur
557 2013 641 2060 VII
675 2012 739 2070 12,
771 2013 797 2057 5
829 2014 922 2059 eius
952 2013 1062 2059 liber
1090 2014 1153 2058 de
1192 2014 1588 2069 religionibus,
1631 2016 1676 2060 in
1705 2029 1791 2072 qno
1822 2029 1889 2061 sa-

301 2082 456 2128 cellum
496 2083 779 2137 compositum
818 2081 1072 2126 vocabulum
1107 2094 1333 2137 perperam
1364 2082 1539 2127 dixerat.
1601 2083 1733 2129 Cuius
1763 2097 1889 2130 usum

304 2165 400 2197 cum
428 2151 666 2196 Mercklino
696 2152 741 2195 in
771 2151 1081 2195 dubitationem
1113 2152 1260 2195 vocavi
1290 2152 1344 2195 ad
1375 2151 1463 2197 Ser.
1485 2152 1719 2207 Sulpicium
1750 2167 1788 2208 p.
1819 2144 1890 2197 59.'

300 2220 476 2265 Referat
506 2220 656 2265 audire
675 2220 805 2264 etiam
825 2220 1120 2275 Pomponium,
1152 2219 1280 2264 Gellii
1299 2219 1390 2264 fere
1417 2220 1652 2276 aequalem,
1685 2221 1887 2266 enchirid.

303 2288 327 2345 ς
358 2287 414 2331 45
446 2288 544 2333 Os.:
600 2287 814 2344 „Trebatii
853 2286 1093 2344 complures
1133 2286 1233 2332 libri
1274 2292 1457 2344 exstant,
1503 2290 1579 2334 sed
1623 2290 1761 2336 minus
1806 2290 1890 2336 fre-

304 2356 603 2412 quentantur.“

776 2474 861 2524 23.
936 2473 988 2521 C.
1024 2474 1221 2522 Asinius
1257 2474 1421 2523 Pollio.

446 2564 608 2608 Auctor
637 2563 674 2608 is
704 2563 788 2609 fuit
817 2563 959 2608 Gellio
988 2563 1029 2607 X
1060 2560 1117 2606 26
1156 2564 1201 2609 in
1234 2564 1418 2621 quadam
1459 2564 1712 2622 epistula,
1762 2579 1891 2624 quam

305 2632 367 2690 afd
397 2633 641 2678 Plancum
672 2633 856 2687 scripsit.
916 2632 1001 2677 Ubi
1047 2645 1176 2688 quum
1221 2634 1275 2678 de
1320 2634 1524 2680 Sallustio
1568 2635 1770 2680 iudicium
1813 2636 1891 2681 ini-

305 2702 434 2763 quius
463 2700 615 2757 faciat,
659 2703 703 2747 in
731 2705 916 2748 mentem
947 2701 1064 2747 venit
1093 2702 1288 2749 Suetonii
1319 2703 1360 2750 d.
1389 2703 1449 2750 ill.
1480 2716 1544 2761 gr.
1575 2716 1610 2751 c.
1644 2703 1718 2750 10:
1773 2705 1892 2762 „Asi-

309 2765 434 2828 ‚nius
464 2767 602 2818 Pollio
632 2773 677 2817 in
703 2771 837 2828 libro,
875 2785 960 2829 quo
988 2772 1185 2831 Sallustii
1214 2775 1375 2830 scripta
1401 2773 1713 2831 reprehendit-⁸
1775 2775 1891 2822 Satis
