2098 3261
940 127 1232 173 ...48-

287 245 351 290 tio
397 257 480 291 una
520 256 617 291 cum
648 244 846 289 Varrone
886 256 912 288 a
942 241 1083 288 Gellio
1122 243 1288 289 laudati
1317 243 1341 299 ἓ
1369 241 1422 294 8,
1469 249 1596 299 quam
1625 215 1739 298 apud
1767 210 1881 289 Vari-'-
1952 206 1962 291 ι,
2042 284 2044 286 ,

286 326 433 359 ronem
465 313 631 357 frustra
661 311 951 367 requirebam,
992 323 1122 366 quum
1153 311 1259 356 alias
1291 311 1455 356 Gellius
1487 322 1572 355 nou
1602 310 1712 356 adeo
1740 311 1876 359 levem

289 394 338 427 se
360 380 566 438 praebere
587 379 818 430 videretur,
849 381 899 423 ut
927 382 1152 424 auctorum
1172 380 1346 425 nomina
1372 391 1450 435 pro
1481 377 1666 424 arbitrio
1684 376 1878 426 adderet-I

297 452 474 495 Praeter
502 449 741 495 Varronem
771 452 916 492 autem
945 461 1043 492 eum
1073 448 1231 492 adiisse
1260 449 1450 504 Aelium,
1497 460 1571 492 nec
1611 447 1877 506 consuetudo

296 519 387 564 eius
409 516 745 574 commendabat,
775 529 913 573 neque
944 517 1122 573 exiguus
1143 517 1191 562 L.
1214 516 1324 562 Aelii
1355 530 1478 562 usus:
1509 507 1878 564 dissuadebat-in-
1936 562 1939 564 ,
1980 585 1992 593 θ
2029 504 2046 510 ”
2074 502 2082 513 ’

289 601 422 643 super
450 588 698 631 continuata
727 587 959 632 secundum
990 586 1228 631 Varronem
1268 587 1421 631 relatio
1453 586 1496 642 (ξ
1531 585 1614 641 10).
1673 582 1878 641 Augebat

288 655 590 721 suspicionem,
620 654 734 711 quod
764 655 817 699 de
847 656 1105 710 quinquatro
1137 658 1181 700 et
1211 655 1263 700 de
1285 656 1485 710 opinione
1504 653 1877 711 grammaticorum

287 723 368 777 (cf
377 722 403 777 ἓ
419 723 463 777 7)
479 723 560 766 hoc
574 723 780 766 Varronis
795 722 888 766 loco
904 722 1062 765 nullam
1078 722 1294 766 litteram
1282 723 1526 778 mvenirem,
1551 734 1681 778 quum
1692 731 1759 766 ea
1779 732 1875 787 per-⁴
1898 732 1915 758 x
2004 762 2005 765 ,

287 803 465 837 suasum
493 790 699 835 haberem
731 804 784 835 ex
814 791 978 846 eodem,
1023 803 1108 846 quo
1139 790 1322 846 reliqua
1365 790 1484 839 fonte
1512 790 1699 836 fluxisse.
1758 790 1875 836 Haec

286 860 393 903 mihi
433 859 715 915 perpendenti
753 858 942 902 occurrit
968 825 1089 902 ’Festi
1130 859 1249 902 locus
1289 870 1329 914 p.
1361 856 1445 901 339
1475 858 1533 902 Μ.
1571 871 1605 904 s.
1634 872 1673 903 v.
1706 862 1876 915 septen·-
1951 893 1956 897 ,
2081 840 2097 889 ⁹¹

288 930 479 985 triones,
524 932 568 973 et
598 927 865 973 confirmavit
894 929 1032 983 magis
1062 940 1189 983 quam
1220 929 1384 983 depulit
1413 928 1732 974 dubitationem.
1791 929 1875 973 Lo-
1901 940 1906 944 ’

286 1011 383 1043 cum
411 998 653 1051 longiorum
682 997 849 1041 veniam
879 1009 954 1039 oro
985 1008 1069 1039 non
1099 996 1432 1041 transscribens:
1483 997 1519 1040 si
1550 996 1876 1051 comparaveris,

286 1066 513 1123 apparebit
557 1065 654 1121 plus
699 1077 795 1110 cum
838 1068 986 1109 nostro
1034 1077 1161 1120 quam
1208 1078 1303 1110 cum
1344 1066 1539 1111 Varrone
1584 1064 1876 1125 similitudinis

285 1135 458 1180 habere.
517 1134 682 1179 Gellius
714 1137 759 1178 et
788 1134 969 1178 Festus:
1015 1134 1154 1177 bubus
1184 1135 1362 1189 iunctis,
1392 1136 1509 1189 apud
1538 1135 1775 1178 Varronem
1804 1134 1892 1179 de-,

286 1204 552 1265 sideramus3
602 1206 755 1247 neuter
784 1202 981 1247 idoneam
1012 1201 1193 1257 glebarii
1230 1203 1595 1258 comparationem
1623 1215 1650 1247 a
1680 1202 1877 1252 Varrone

285 1273 466 1327 factam3
517 1272 682 1316 Gellius
727 1275 774 1317 et
817 1272 993 1316 Festus:
1043 1275 1194 1316 ternae
1230 1273 1472 1328 proximae,
1521 1272 1681 1317 Varro:
1712 1275 1876 1316 ternae.

288 1343 523 1386 Praeterea
552 1340 665 1385 unde
685 1340 864 1385 Verrius
892 1340 1090 1396 physicos
1120 1341 1241 1395 istos,
1273 1341 1383 1385 unde
1403 1353 1575 1385 versum
1604 1340 1731 1385 aliter
1749 1351 1877 1395 quam
1969 1350 1971 1352 ·
2056 1327 2060 1332 ⁵
2090 1337 2092 1340 ’

287 1409 497 1454 Varronis
538 1408 646 1454 loco>
674 1408 874 1459 citatum,
919 1408 1032 1452 unde
1062 1408 1190 1452 Ennii
1224 1408 1336 1454 hunc
1373 1421 1544 1454 versum
1582 1421 1699 1463 esse,
1746 1409 1875 1463 quum
1918 1422 1932 1430 ⁸

288 1478 427 1523 Varro
476 1478 634 1522 sileat?
691 1477 903 1533 Equidem
942 1477 1180 1522 Varronem
1219 1481 1324 1533 puto
1365 1478 1505 1524 altero
1545 1477 1730 1534 quodam
1767 1472 1876 1532 loc'o,

288 1552 340 1592 ut
370 1548 557 1603 saepius,
589 1547 643 1592 de
675 1547 824 1592 eadem
852 1560 901 1592 re
931 1547 1129 1592 similiter
1158 1547 1425 1602 disputasse3
1457 1547 1611 1592 ibidem
1632 1545 1762 1592 Ennii
1781 1557 1879 1590 ver-

289 1630 383 1661 sum
404 1617 479 1671 sic,
510 1619 559 1659 ut
588 1616 701 1670 apud
720 1616 934 1666 Verrium,
965 1616 1205 1671 praecisum
1234 1616 1448 1672 citavisse,
1479 1628 1622 1661 secum
1642 1615 1690 1661 L.
1713 1606 1880 1660 Aelium

289 1687 547 1741 consentire,
590 1686 797 1730 innuisse.
856 1685 980 1738 Quod
1011 1689 1273 1740 postremum
1306 1687 1414 1731 satis
1447 1685 1650 1730 credibile
1679 1684 1747 1740 fit,
1792 1682 1877 1728 col-

289 1756 379 1799 lato
408 1756 503 1799 loco
532 1755 740 1799 Varronis
771 1755 811 1799 d.
841 1755 944 1809 ling.
977 1754 1047 1799 lat.
1079 1755 1118 1799 V
1147 1754 1223 1803 20,
1267 1755 1340 1799 ubi
1370 1754 1519 1799 Aelius
1559 1757 1722 1804 terram
1761 1765 1788 1796 a
1816 1755 1876 1796 te-

288 1824 422 1869 rendo
453 1823 611 1868 dictam
644 1827 802 1868 censet.
859 1823 945 1868 Ubi
984 1826 1127 1867 autem
1163 1823 1270 1868 haec
1297 1822 1458 1868 fuerint
1487 1823 1601 1878 apud
1630 1822 1880 1870 Varronem,

290 1893 404 1949 quod
435 1893 668 1948 spondeam
698 1892 797 1947 tibi,
845 1905 930 1937 non
960 1892 1112 1937 habeo.
1175 1892 1528 1949 Quandoquidem
1557 1904 1641 1936 non
1669 1891 1713 1935 in
1743 1892 1886 1934 astrn-.

288 1962 429 2018 logiae
472 1961 581 2007 libro
626 1962 945 2018 disciplinarum
990 1962 1128 2006 solum
1166 1962 1244 2007 sed
1283 1961 1430 2006 multis
1471 1963 1599 2007 etiam
1642 1959 1738 2005 aliis
1773 1958 1878 2003 locis
1912 1990 1929 2024 3

288 2030 395 2076 talia
424 2030 671 2086 disputandi
704 2030 870 2076 occasio
900 2030 992 2074 fuit.
1923 2040 1925 2043 ’

432 2098 576 2155 Pergo
615 2100 671 2144 ad
707 2099 840 2143 libros
877 2099 938 2144 de
976 2112 1206 2144 sermone
1242 2100 1405 2145 latino
1450 2101 1511 2145 ad
1555 2096 1878 2150 Marcellum,

287 2167 373 2212 illis
410 2168 593 2212 maxime
633 2165 780 2211 affines
822 2171 867 2210 et
903 2178 1033 2221 saepe
1068 2166 1286 2212 confusos.
1348 2167 1481 2212 Cuius
1512 2167 1670 2220 erroris
1698 2166 1789 2220 vel,
1840 2164 1878 2209 si

286 2235 453 2292 placet,
496 2234 783 2291 negligentiae
821 2235 952 2279 etiam
982 2234 1146 2279 Gellius
1179 2236 1446 2281 accusandus
1477 2238 1556 2281 est.
1614 2235 1737 2281 Licet
1766 2235 1876 2280 enim

289 2306 429 2349 locum
458 2305 606 2350 XVIII
640 2303 705 2360 12,
736 2302 764 2345 8
803 2304 1023 2348 laudatum
1055 2303 1109 2348 ab
1140 2304 1280 2349 altero
1311 2308 1486 2351 auctore
1517 2305 1734 2360 accepisse
1762 2299 1878 2349 vide-
1956 2341 1959 2345 .

290 2380 403 2430 atur,
433 2387 459 2418 a
488 2373 676 2429 Valerio,
707 2375 756 2416 ut
786 2372 961 2426 opinor,
1002 2371 1162 2416 Probo·
1203 2373 1241 2417 si
1270 2373 1307 2416 is
1338 2371 1637 2429 negligentius·
1650 2373 1875 2426 citaverat,

288 2453 377 2486 non
406 2442 673 2487 committere
704 2440 900 2497 debebat,
931 2443 981 2485 ut
1009 2441 1054 2484 in
1087 2425 1237 2486 eodem
1265 2442 1371 2487 vitio
1401 2445 1601 2487 maneret

431 2508 539 2555 Aliis
569 2509 675 2554 locis
704 2508 857 2554 melius
888 2508 1090 2564 providit

360 2605 369 2615 ⁷-
431 2578 650 2622 Secundus
678 2577 885 2623 librorum
915 2578 967 2622 de
998 2590 1195 2623 sermone
1226 2579 1360 2623 latino
1390 2579 1457 2624 bis
1487 2583 1582 2625 usui
1613 2579 1697 2624 fuit
1725 2578 1877 2624 Gellio.

288 2647 373 2692 XII
404 2644 444 2698 6,
476 2645 550 2691 ubi
580 2646 778 2702 aenigma
807 2647 926 2702 illud,
958 2648 1072 2692 sicut
1100 2648 1231 2704 scirpi
1262 2648 1493 2704 appellatio
1524 2648 1567 2706 (ἓ
1592 2649 1636 2694 1:
1673 2648 1776 2705 ¹‚hoc
1800 2660 1873 2704 ge·

295 2729 399 2772 ,nus
430 2715 605 2771 quidam
636 2728 659 2759 e
690 2716 850 2760 nostris
880 2716 1100 2761 veteribus
1131 2718 1295 2773 scirpos
1324 2717 1667 2773 appellaverunt“
1673 2716 1692 2773 )
1719 2717 1877 2763 Varro·
1902 2767 1905 2768 ⁷

289 2785 358 2830 nis
403 2783 604 2830 habenda
647 2785 746 2829 sint.
819 2783 904 2830 XII
947 2783 1000 2828 10
1040 2785 1113 2831 ubi
1151 2785 1324 2833 difficile
1363 2791 1431 2834 est
1467 2788 1723 2843 diiudicata,
1745 2797 1877 2843 -quae
