2098 3261
903 133 1190 180 ...ss-..-

393 249 474 293 His
504 249 609 293 locis
649 261 779 292 uuum
820 249 975 293 addam
1013 250 1270 295 coniectura.
1329 249 1402 303 XI,
1435 248 1461 291 3
1491 247 1656 293 Gellius
1682 249 1739 298 de
1767 259 1840 294 va-

253 317 330 361 riis
362 316 745 372 significationibus
776 317 1109 372 praepositionis
1140 316 1277 373 „pro“
1309 317 1489 373 quaerit,
1519 315 1635 361 nullo
1665 316 1840 374 laudato

254 390 442 430 auctore.
513 385 879 438 circumspicienti
929 385 1033 429 mihi
1082 386 1457 440 grammaticorum
1507 384 1684 435 similia,
1736 379 1842 431 nihil

252 453 343 499 fere
365 453 626 506 occurrebat,
659 453 741 497 nisi
771 454 885 508 quod
913 453 1158 499 Priscianus
1189 454 1217 498 l.
1238 454 1340 499 XIV
1360 453 1399 503 5,
1429 452 1484 497 45
1514 456 1560 498 et
1588 454 1681 509 ipse
1702 465 1840 506 exem-¹

254 524 370 577 plum
392 521 518 565 affert
547 534 654 576 „pro
680 521 969 566 testimonio.“
1017 523 1100 567 Sed
1130 523 1343 577 insignem
1368 523 1488 566 Festi
1515 522 1654 567 locum
1684 522 1843 567 adscri-

254 590 372 644 bam,
403 603 442 644 p.
473 588 557 631 246
589 589 667 634 Μ.;
700 589 811 645 „Pro
842 603 973 635 censu
1004 591 1153 635 classis
1183 591 1397 635 iuniorum
1427 591 1517 636 Ser.
1549 589 1715 634 Tullius
1745 601 1842 633 cum

254 659 389 712 „dixit
418 658 462 700 in
494 658 779 712 descriptione
808 659 1118 713 centuriarum,
1147 659 1284 711 accipi
1305 658 1434 703 debet
1462 659 1506 701 in
1538 669 1679 710 censu,
1711 660 1762 700 ut
1781 656 1844 700 ait

259 726 340 782 „M.
372 726 512 770 Varro
544 725 586 769 in
617 726 644 769 l.
663 726 723 770 VI
753 738 896 770 rerum
926 725 1206 771 humanarum
1236 727 1362 772 sicuti
1388 738 1466 783 pro
1497 726 1604 772 aede
1634 725 1843 780 Castoris,

259 808 361 851 „pro
393 795 608 851 tribunali,
634 808 713 851 pro
739 797 1028 840 testimonio.“
1089 797 1210 840 Haec
1240 797 1323 840 tria
1353 796 1568 851 exempla,
1598 808 1710 851 quae
1738 795 1843 839 Ver-

252 864 344 908 rius
375 877 400 908 a
430 864 625 909 Varrone
654 865 747 908 sine
778 864 905 909 dubio
937 865 1114 921 accepit,
1145 866 1419 920 reperiuntur
1449 865 1599 909 eadem
1620 864 1735 918 apnd
1765 876 1840 908 no·

254 937 391 977 strum
424 932 509 987 §2
568 934 627 976 Et
657 937 857 987 quartum
886 946 1105 977 commune
1138 946 1244 989 „pro
1265 932 1445 977 rostris“
1477 945 1529 978 ex
1558 932 1693 976 Paulo
1724 932 1843 981 Diac,

255 1015 294 1057 p.
327 999 412 1042 228
442 1013 474 1044 s.
506 1015 544 1045 v.
576 1014 654 1055 pro
695 1001 764 1056 (cf.
795 1002 913 1046 Fest.
945 1015 985 1056 p.
1017 1001 1120 1054 229)
1164 1002 1255 1046 erui
1295 1005 1450 1056 potest.
1510 1001 1603 1053 Qua
1643 999 1844 1044 similitu-

255 1070 354 1113 dine
370 1080 544 1111 moveor
560 1069 772 1122 equidem,
805 1072 854 1111 ut
871 1069 1104 1112 Varronem
1134 1069 1327 1112 hocloco
1349 1071 1537 1112 statuam
1567 1072 1666 1111 ante
1697 1067 1843 1112 oculos

254 1136 389 1182 fuisse
422 1136 574 1192 Gellio,
621 1137 875 1191 praesertim
898 1150 1027 1192 quum
1058 1137 1188 1182 tertio
1219 1140 1318 1182 ante
1348 1137 1494 1192 capite
1522 1137 1584 1181 XI
1620 1136 1635 1178 1
1672 1136 1844 1181 eosdem

254 1205 386 1249 libros
417 1205 699 1249 humanarum
729 1204 889 1249 fontem
919 1205 1054 1250 fuisse
1085 1205 1304 1260 professus
1336 1208 1406 1250 sit.
1427 1205 1457 1261 ¹)

394 1274 556 1318 Errore
586 1276 756 1317 tantum
784 1274 962 1328 irrepsit
991 1275 1018 1318 l.
1050 1274 1151 1319 XIV
1180 1288 1264 1319 rer.
1295 1274 1577 1318 humanarum
1611 1272 1672 1317 in'
1693 1274 1846 1317 lemma

255 1343 277 1385 I
313 1340 377 1397 18,
409 1354 540 1397 quum
570 1342 613 1385 in
644 1345 847 1385 contextu
878 1343 1121 1386 divinarum
1161 1343 1274 1386 idem
1313 1343 1423 1387 liber
1451 1343 1665 1392 laudetur,
1724 1340 1844 1394 Quod

255 1411 405 1464 utique
451 1411 624 1454 rectius.
686 1410 794 1453 Nam
835 1413 879 1453 et
923 1414 1102 1465 quartus
1149 1411 1337 1455 decimus
1383 1411 1620 1455 divinarum
1665 1410 1846 1454 maxime

256 1477 483 1522 familiaris
515 1481 663 1522 nostro
694 1477 798 1532 fuit,
845 1481 889 1522 et
918 1491 1101 1533 sequens
1132 1483 1261 1533 caput
1301 1479 1323 1522 I
1358 1476 1421 1533 19,
1468 1479 1581 1534 quod
1610 1491 1720 1523 nunc
1749 1478 1843 1522 lon-

257 1560 358 1602 gum
390 1551 458 1590 est
489 1560 713 1601 exponere,
746 1548 823 1592 sed
853 1552 998 1602 pot-est
1026 1548 1265 1593 luculenter
1285 1548 1581 1603 demonstrari,
1612 1560 1663 1592 ex
1692 1547 1844 1592 iisdem

255 1628 401 1660 rerum
433 1616 672 1660 divinarum
702 1616 822 1660 libris
852 1618 1033 1671 petitum
1066 1620 1145 1661 est.

394 1685 585 1728 Transeo
617 1685 679 1729 ad
709 1686 1077 1740 antiquitates
1107 1699 1283 1729 rerum
1312 1686 1628 1730 divinarum.

393 1754 443 1797 L.
474 1753 575 1797 XIV
605 1754 785 1808 citatur,
826 1757 876 1797 ut
904 1754 1029 1797 modo
1069 1755 1269 1807 vidimus,
1311 1755 1332 1797 I
1366 1752 1417 1795 18
1448 1753 1471 1809 g
1502 1752 1528 1793 2
1559 1757 1602 1797 et
1632 1751 1659 1795 4
1690 1755 1734 1796 et
1762 1752 1842 1797 XV

258 1820 326 1877 30,
359 1821 398 1876 7,
429 1822 502 1866 ubi
532 1823 590 1873 ei,
627 1835 739 1878 quae
771 1822 841 1877 §6
872 1826 917 1868 et
948 1822 973 1863 7
1006 1824 1219 1878 leguntur,
1250 1823 1476 1869 tribuenda
1505 1826 1616 1868 sunt.
1631 1820 1666 1876 2)
1724 1821 1842 1867 Eun-

257 1892 356 1935 dem
386 1891 543 1935 librum
573 1896 773 1947 quartum
804 1892 1014 1935 decimum
1055 1893 1298 1937 coniectura
1327 1892 1441 1936 facili
1472 1903 1751 1947 assequemur
1778 1890 1843 1935 111

261 1958 325 2013 16,
359 1956 399 2003 9.
458 1959 568 2003 Nam
600 1972 730 2014 supra
767 1959 790 2015 ἓ
822 1958 870 2015 6,
917 1973 1027 2015 quae
1068 1959 1123 2004 'ad
1162 1964 1353 2004 nostram
1393 1974 1481 2004 rem
1519 1973 1604 2009 non
1643 1960 1841 2014 pertinet,

255 2028 417 2072 diserte
446 2028 482 2071 is
513 2027 622 2072 liber
654 2028 850 2072 laudatus
883 2032 961 2081 est,
993 2030 1060 2072 cui
1092 2029 1198 2072 bene
1219 2030 1485 2083 conveniunt,
1516 2041 1624 2084 quae
1655 2029 1708 2072 de
1740 2028 1841 2072 Par-

255 2097 315 2141 cis
347 2096 370 2152 ἓ
402 2094 428 2138 9
458 2100 503 2140 et
539 2094 588 2136 10
619 2097 833 2150 leguntur.
874 2095 926 2140 cf.
954 2096 1119 2140 Merkel
1151 2096 1227 2141 Ov.
1250 2097 1367 2141 Fast.
1395 2109 1436 2152 p.
1458 2096 1690 2142 CLXXXV
1719 2108 1783 2151 sq.

393 2166 575 2209 Restant
606 2165 689 2209 duo
733 2165 836 2220 loci,
883 2178 990 2220 quos
1026 2178 1114 2209 una
1158 2178 1437 2211 commemoro
1482 2166 1583 2210 XVI
1618 2164 1668 2206 16
1699 2168 1742 2209 et
1778 2164 1840 2207 17.

256 2235 404 2278 Priore
435 2233 572 2277 Varro
604 2236 757 2277 auctor
785 2234 982 2287 proditus
1014 2236 1083 2277 est
1119 2233 1211 2277 sine
1241 2233 1368 2288 libro,
1410 2234 1547 2278 altero
1576 2234 1690 2277 idem
1720 2233 1764 2277 in
1794 2232 1842 2276 li·

256 2304 345 2348 bris
376 2303 628 2347 divinarum.
687 2301 819 2346 Vides
848 2314 983 2357 quare
1012 2302 1126 2346 locos
1159 2302 1467 2357 coniunxerim3
1518 2303 1697 2350 eundem
1727 2301 1842 2347 vide-

256 2372 611 2425 licetutriusque
640 2370 802 2413 fontem
822 2369 1209 2424 demonstraturus,
1239 2370 1371 2416 libros
1400 2371 1651 2416 divinarum.
1701 2369 1842 2422 Quoto

401 2508 427 2549 ¹)
452 2507 510 2542 An
535 2517 618 2543 vero
642 2505 809 2542 Verrium
841 2504 1015 2541 Flaccum
1042 2504 1079 2540 in
1110 2517 1213 2542 usum
1245 2506 1450 2544 vocaverit?
1498 2506 1608 2543 Nulla
1639 2505 1842 2544 mehercule

255 2565 353 2602 iusta
378 2573 490 2599 causa
514 2568 622 2609 esset,
647 2574 712 2599 cur
735 2563 781 2599 ad
806 2563 901 2599 hunc
927 2562 1191 2600 deverteremus
1215 2565 1262 2601 ab
1287 2575 1349 2610 eo,
1382 2574 1487 2609 quem
1518 2564 1665 2602 assidua
1687 2564 1842 2603 lectione

255 2621 426 2660 versabat
449 2620 599 2658 Gellius.

398 2680 427 2722 ²)
453 2677 685 2723 comparavit
708 2677 888 2714 Mercklin
912 2688 949 2723 p.
976 2678 1039 2712 661
1066 2677 1185 2715 locum
1226 2678 1328 2718 Festi
1350 2689 1390 2725 p.
1417 2680 1483 2715 206
1508 2689 1534 2717 s.
1560 2690 1591 2717 v.
1631 2680 1841 2727 Peter-itum,

255 2736 321 2775 sed
343 2736 476 2774 Verrio
499 2734 621 2781 potius
652 2743 758 2780 quam
789 2734 955 2772 Varrone
987 2735 1142 2773 Gellium
1174 2746 1279 2774 usum
1311 2746 1411 2778 esse,
1448 2736 1527 2775 iure
1549 2748 1621 2777 non
1649 2748 1760 2776 ausus
1784 2740 1842 2775 est

253 2793 447 2832 affirmare.
