2098 3256
870 182 926 191 -
982 154 1043 204 59
1099 184 1156 195 .-

692 276 765 326 16.
826 277 892 326 Μ.
931 276 1112 327 Tullius
1150 276 1330 328 Cicero.

360 365 628 421 „Legimus“,
661 369 709 410 ut
738 366 801 411 ait
831 366 995 411 Gellius
1026 368 1105 412 XV
1135 365 1173 422 3,
1208 369 1246 423 1,
1281 368 1457 424 „librum
1482 369 1541 412 M.
1563 368 1799 423 Ciceronis,

225 432 322 490 ¹,qui
350 432 580 488 inscriptus
611 437 678 478 est
707 435 931 479 orator.“
995 435 1062 479 Ex
1091 448 1142 479 eo
1167 438 1441 490 grammatica
1461 441 1693 492 praecepta
1712 436 1798 481 duo

144 555 151 566 ἱ
220 500 334 556 apud
354 499 599 546 Ciceronem
621 514 753 556 prope
772 503 972 547 continua
986 503 1131 547 hausit
1145 504 1188 547 11
1208 502 1257 545 17
1274 502 1346 558 (cf.
1362 505 1423 548 IV
1441 504 1506 559 17,
1534 503 1578 558 6)
1596 507 1640 548 et
1659 505 1797 548 locum

139 564 143 566 ’
218 570 522 624 transscripsit,
555 570 627 624 qui
658 569 744 616 illic
773 570 934 626 legitur
953 584 987 616 c.
1006 569 1062 612 48
1091 570 1115 626 ξ
1141 568 1241 625 159;
1273 572 1407 616 altero
1424 573 1516 617 loco
1537 572 1616 617 XV
1638 571 1663 615 3
1691 572 1796 617 ube-

86 641 102 653 *
219 637 310 682 rius
339 638 548 691 exposuit,
579 650 707 692 quam
737 639 850 692 apud
874 638 1119 683 Ciceronem
1147 640 1338 683 invenies
1367 653 1401 684 c.
1423 639 1478 681 47
1509 640 1532 695 ς
1559 640 1650 683 158.
1697 641 1798 693 Qui·

220 705 300 750 bus
331 705 429 750 addi
460 708 604 760 potest
633 706 834 751 iudicium
868 708 1003 762 magis
1036 704 1173 763 quam
1193 711 1465 763 praeceptum
1494 708 1599 752 XIII
1629 708 1698 764 21,
1729 706 1799 764 24,

221 774 333 827 apud
362 773 482 816 illum
512 786 547 817 c.
579 772 635 814 50
665 773 688 828 §
726 773 818 815 168.
878 775 977 818 Noli
1017 779 1181 829 autem,
1226 776 1326 830 quia
1365 775 1470 819 haec
1513 777 1622 819 adeo
1661 777 1800 820 vicina

221 841 335 896 apud
364 839 611 885 Ciceronem
640 844 831 895 exstant,
868 841 1069 886 arbitrari
1100 841 1284 886 Gellium
1314 842 1427 886 hunc
1457 842 1595 887 solum
1628 845 1720 888 eius
1750 845 1800 888 li-

1 970 8 973 ,
220 907 286 952 bri
314 908 453 952 locum
481 908 656 964 legisse;
703 913 771 954 est
800 911 912 954 enim
942 910 1171 966 singularis
1211 911 1317 955 haec
1358 912 1550 955 excursio
1589 913 1797 967 quaedam

0 975 20 1056 ξ’
121 1033 126 1037 1
220 977 517 1030 grammatica:
548 990 658 1033 quae
688 979 949 1032 praecedunt
979 982 1023 1023 et
1053 992 1163 1034 quae
1183 985 1433 1034 sequuntur,
1464 980 1651 1023 oratoris
1682 983 1796 1024 sunt.

653 1072 730 1119 17.
793 1072 894 1120 Ser.
934 1072 1167 1133 Sulpicius
1202 1072 1368 1120 Rufus.

358 1157 550 1204 Affertur
578 1159 659 1205 VH
695 1158 743 1202 12
786 1172 837 1205 ex
876 1160 985 1205 libro
1025 1160 1211 1206 secundo
1251 1161 1311 1206 de
1341 1161 1505 1206 sacris
1535 1161 1798 1207 detestan-

221 1228 301 1272 dis
330 1229 576 1276 testamenti
604 1229 897 1283 veriloquium,
928 1230 1004 1272 sed
1032 1230 1263 1282 repellitur.
1323 1231 1440 1273 Idem
1471 1231 1624 1274 accidit
1653 1232 1696 1273 in
1727 1241 1797 1273 eo-

129 1348 131 1351 ,
221 1295 317 1340 dem
345 1296 486 1351 capite
516 1295 561 1340 C.
593 1296 806 1352 Trebatio,
837 1298 909 1352 qui
940 1297 1083 1341 sacelli
1103 1298 1307 1353 originem
1335 1298 1379 1342 in
1411 1298 1517 1342 libro
1548 1298 1600 1342 de
1630 1298 1799 1354 religio·

223 1366 347 1410 nibus
378 1369 670 1420 proposuerat,
703 1367 850 1409 eodem
874 1366 1157 1420 etymologiae
1183 1368 1299 1410 vitio.
1358 1368 1585 1411 Trebatius
1614 1367 1695 1411 hoc
1714 1380 1799 1411 uno

222 1434 315 1478 loco
345 1437 412 1477 est
441 1433 601 1488 obvius),
633 1434 807 1479 Servius
828 1434 1041 1488 Sulpicius
1072 1434 1201 1477 etiam
1231 1434 1340 1488 aliis,
1372 1435 1448 1478 sed
1478 1448 1696 1489 nunquam
1717 1447 1800 1478 non

221 1502 348 1547 alicui
369 1501 574 1546 obnoxius
595 1504 840 1556 suspicioni.
900 1503 969 1547 Ita
983 1515 1067 1546 non
1084 1506 1243 1547 temere
1263 1505 1506 1558 suspicatus
1536 1508 1604 1548 est
1631 1504 1801 1548 Merck-

219 1571 331 1615 linus
362 1583 401 1625 p.
433 1568 530 1619 648,
560 1569 744 1613 Gellium
763 1570 990 1624 utriusque
1010 1570 1252 1623 opinionem
1282 1582 1359 1624 per
1383 1571 1557 1614 tertium
1587 1572 1800 1625 quendam

220 1643 438 1685 auctorem
456 1640 729 1694 comperisse.
791 1640 973 1693 Propter
1001 1640 1184 1683 alterum
1205 1639 1418 1694 quoddam
1448 1638 1731 1695 veriloquium
1756 1639 1800 1684 in

222 1711 516 1764 quaestionem
552 1720 663 1752 nuuc
700 1707 818 1751 venit
849 1708 875 1751 l.
905 1707 968 1751 IV
996 1721 1030 1752 c.
1062 1707 1102 1752 3.
1160 1708 1378 1762 Siquidem
1424 1708 1585 1763 pellicis
1631 1712 1800 1763 etymon

221 1777 245 1834 ξ
276 1776 302 1820 3
332 1777 524 1821 additum
563 1777 617 1821 ab
659 1777 807 1824 eodem
848 1780 1024 1821 auctore
1057 1777 1291 1831 profectum
1330 1781 1417 1830 est,
1457 1778 1524 1821 cui
1554 1778 1672 1832 prior
1701 1788 1801 1831 pars

221 1847 374 1901 capitis
395 1845 610 1899 tribuitur,
642 1844 734 1891 Ser.
755 1844 943 1899 Sulpicio
964 1843 1075 1888 Rufo
1106 1846 1150 1887 in
1177 1845 1284 1888 libro
1316 1846 1377 1888 de
1407 1845 1635 1889 dotibus.
1680 1844 1802 1896 Quod

220 1927 350 1971 quum
376 1926 454 1969 per
482 1926 530 1957 se
554 1912 776 1967 probabile
796 1913 866 1966 sit,
897 1912 1190 1956 demonstrare
1210 1913 1376 1956 studuit
1404 1913 1536 1956 Festo
1557 1916 1803 1965 comparato

221 1976 480 2027 Mercklinus
509 1992 550 2036 p.
568 1978 664 2025 666.
724 1980 848 2033 Quod
879 1980 917 2024 si
946 1979 1178 2036 tibiaeque
1208 1984 1258 2024 ut
1284 1980 1387 2025 mibi
1416 1980 1635 2035 probavit,
1666 1980 1804 2024 altera

223 2050 418 2107 quaestio
450 2050 650 2094 exoritur.
711 2049 831 2102 Quae
860 2049 920 2093 IV
961 2047 988 2091 3
1019 2051 1063 2092 et
1092 2047 1120 2089 4
1149 2049 1261 2103 apud
1304 2048 1487 2093 Gellium
1526 2062 1579 2093 ex
1617 2049 1803 2103 Sulpicio

220 2118 443 2174 proposita
485 2121 609 2172 sunt,
653 2117 910 2171 coniungere
954 2116 1169 2162 debemus.
1238 2117 1415 2160 Addidit
1453 2122 1597 2161 autem
1637 2116 1801 2161 Gellius

218 2187 280 2231 IV
307 2186 350 2242 4,
380 2184 425 2230 4:
462 2186 603 2241 ,Haec
624 2186 773 2234 eadem
803 2185 975 2240 scripsit
994 2185 1196 2229 Neratius
1227 2186 1271 2229 in
1300 2185 1433 2240 libro,
1478 2198 1605 2240 quem
1625 2185 1696 2229 de
1726 2198 1804 2228 nu—

227 2254 350 2310 „ptiis
381 2253 652 2308 composuit.“
717 2253 1027 2298 Dubitaverunt
1065 2253 1198 2307 igitur
1227 2253 1481 2297 Dirksenius
1525 2254 1552 2297 l.
1592 2252 1619 2295 l.
1665 2265 1708 2306 p.
1751 2251 1803 2293 14

219 2326 307 2368 not.
324 2322 375 2364 51
410 2327 455 2367 et
478 2321 741 2366 Mercklinus
761 2334 801 2376 p.
818 2319 902 2365 648
932 2324 978 2365 et
1003 2319 1099 2375 666,
1131 2324 1275 2365 utrum
1305 2333 1357 2365 ex
1387 2322 1481 2375 ipso
1512 2320 1718 2374 Sulpicio,
1748 2332 1804 2364 au

221 2404 274 2437 ex
303 2391 480 2436 Neratio
507 2389 672 2434 Gellius
703 2402 783 2434 sua
804 2389 1045 2444 sumpserit.
1105 2390 1167 2433 Ac
1196 2388 1418 2433 Neratium
1437 2388 1678 2443 fragmento
1710 2388 1803 2434 eius

220 2463 391 2506 constat
419 2459 535 2515 (Dig.
555 2458 639 2504 XII
668 2458 708 2509 4,
738 2458 785 2514 b)
815 2458 905 2504 Ser.
926 2457 1103 2513 Sulpicii
1132 2458 1389 2503 auctoritate
1420 2470 1544 2502 usum
1565 2468 1676 2502 esse.
1720 2457 1805 2502 Ne-

219 2541 304 2584 que
332 2528 477 2579 video,
517 2540 602 2584 quo
632 2528 715 2572 alio
753 2527 879 2572 modo
921 2526 1124 2581 explicari
1163 2526 1301 2580 possit
1340 2525 1517 2580 Sulpicii
1559 2529 1604 2570 et
1638 2525 1806 2571 Neratii

219 2595 454 2641 consensus
493 2608 520 2639 a
559 2595 697 2640 Gellio
737 2595 959 2639 indicatus.
1019 2594 1127 2638 Nam
1163 2593 1292 2648 „haec
1323 2593 1495 2639 eadem“
1533 2606 1618 2639 non
1647 2595 1700 2639 de
1731 2606 1804 2637 ex-

219 2664 369 2709 tremis
400 2666 570 2710 tantum
598 2663 873 2719 intelligenda
894 2674 990 2708 esse
1020 2664 1155 2717 patet,
1186 2662 1263 2706 sed
1292 2662 1345 2708 de
1374 2662 1480 2718 ipsis
1502 2662 1676 2717 Sulpicii
1704 2674 1800 2707 ver-

221 2732 307 2787 bis,
351 2743 463 2787 quae
492 2732 759 2779 antecedant.
818 2731 886 2778 Ita
915 2743 981 2775 vv.
1014 2731 1082 2775 dd.
1103 2730 1413 2778 dubitationem
1441 2742 1616 2786 prorsus
1648 2731 1804 2775 iustam

156 2804 158 2807 “
217 2801 353 2847 habeo
385 2812 460 2845 nec
488 2801 856 2857 reprehenderem,
881 2801 924 2844 <si
954 2798 1234 2846 confidentius
1265 2799 1602 2847 affirmavissent.
