2098 3256
92 310 98 315 ,
160 253 377 307 &emtis
406 256 572 317 partem
591 265 780 308 ‘tantum
817 262 1031 309 delibasse
1066 265 1280 310 iudicandi
1309 253 1434 310 sunt·
1481 253 1627 310 Veluti
1656 263 1744 310 for·

163 327 274 376 mse
286 332 493 387 memordi
522 337 567 377 et
595 332 925 387 compositorum
964 345 1094 388 quum
1125 334 1381 378 Priscianus
1410 334 1620 379 rationem
1648 319 1744 378 nul-

160 398 247 450 lini
267 393 445 452 babeat,
466 401 638 446 Gellius
659 404 825 455 septem
844 402 1036 456 exempla
1056 401 1183 446 affert
1200 402 1225 457 ς
1246 401 1371 456 2—8,
1401 402 1743 467 ᾱοᾳιιειιιιοτιιιιι

160 458 312 514 autem'
340 461 567 514 verborum
610 473 660 513 ut
705 482 852 518 curro,
897 482 1026 524 posco
1064 470 1264 514 similium
1303 471 1474 526 singula
1526 470 1551 526 ξ
1581 469 1738 525 9-12,

160 535 305 593 nulla
317 537 459 605 credo,
479 536 565 581 alia
583 535 638 581 de
657 549 800 586 causa,
831 550 960 600 quam
979 538 1081 593 quia
1109 538 1298 582 taedium
1325 551 1423 583 eum
1442 543 1616 594 ceperat
1635 552 1741 584 euu-

0 605 19 615 ”
67 641 69 643 .
158 603 364 652 merendi.
422 606 657 652 Intentiore
700 619 850 652 rursus
894 607 1035 652 animo
1080 606 1104 663 ξ
1139 605 1190 649 16
1233 608 1378 663 posuit
1419 609 1504 653 duo
1545 610 1740 666 exempla

157 668 320 726 formae
348 676 508 726 εειειιιι,
537 676 659 721 ειιιιιε
679 676 794 731 apud
820 676 1081 720 Prisciauum
1110 676 1150 720 X
1171 675 1240 732 24,
1269 690 1310 731 p.
1332 676 1417 718 517
1437 676 1585 721 Hertz.
1616 682 1739 734 quat·

61 738 66 742 ’
158 747 260 805 tuot
296 734 591 800 transsumpta
628 744 886 798 invenimus,
932 744 1165 800 eademque
1201 745 1305 794 duo,
1350 756 1462 801 quae
1490 744 1668 790 Gellius
1686 759 1740 792 ex

152 813 364 873 sotadicis
392 813 442 859 L.
473 813 592 858 Accii
621 817 664 858 et
695 813 939 868 Melanippa
966 814 1108 858 Ennii.
1167 813 1287 866 Quae
1324 813 1409 858 Iac.
1448 806 1667 859 Gronovio
1692 815 1740 875 ιιι

156 873 267 927 nota
289 882 345 926 ad
374 881 416 926 1ι.
436 881 462 925 1.
512 882 757 927 Priscianus
786 883 903 926 visus
935 886 1002 927 est
1031 895 1058 926 a
1087 882 1227 926 Gellio
1256 884 1487 938 accepisse,
1516 894 1609 936 ιιοε,
1638 883 1740 939 quia

154 949 236 995 ita
244 953 454 1006 quattuor
491 951 684 1006 exempla
722 951 932 1005 disposita
968 956 1088 1005 sunt,
1136 955 1185 994 ut
1213 951 1397 995 alterum
1427 951 1633 1006 secundo,
1678 947 1740 995 al·

155 1019 297 1064 terum
326 1023 482 1075 quarto
510 1019 604 1064 loco
633 1020 885 1073 inveniatur,
916 1032 968 1064 ex
996 1021 1209 1065 communi
1223 1020 1356 1076 fonte,
1386 1019 1562 1064 Valerio
1580 1019 1737 1083 Probo,

154 1088 408 1157 derivamus.
467 1089 607 1142 Quum
635 1093 780 1134 autem
818 1089 924 1134 haec
962 1089 1208 1134 testimonio
1247 1090 1432 1146 quodam
1463 1088 1603 1134 Probo
1630 1080 1738 1134 assi-

152 1161 285 1213 gnare
313 1151 547 1212 possimus,
591 1157 719 1201 aliam
759 1161 924 1211 partem
963 1158 1057 1212 ipse
1097 1156 1263 1202 Gellius
1302 1157 1522 1212 tribuerit,
1568 1149 1737 1214 reliq'ua

154 1226 308 1281 omnia,
339 1227 540 1282 quoniam
569 1226 624 1270 ab
653 1225 721 1270 his
741 1227 959 1271 commode
979 1230 1197 1294 nequeunt
1216 1227 1371 1281 dirimi,
1391 1226 1566 1271 Valerio
1595 1225 1736 1290 Probo

153 1295 305 1339 merito
332 1293 548 1339 reddimus
567 1293 623 1348 ¹);
668 1298 799 1349 atque
828 1295 957 1338 etiam
987 1307 1060 1349 ea,
1090 1306 1201 1350 quae
1230 1294 1255 1350 §
1290 1292 1341 1336 13
1371 1298 1417 1339 et
1449 1293 1500 1335 14
1526 1295 1584 1338 de
1611 1287 1738 1349 grae-

153 1362 215 1407 eis
245 1362 387 1406 verbis
407 1359 599 1417 exstant,
645 1375 756 1418 quae
792 1363 965 1418 quidem
1003 1374 1099 1407 cum
1138 1362 1409 1407 dubitatione
1437 1362 1622 1418 quadam
1649 1362 1737 1407 iam

154 1429 382 1477 Graefenh.
409 1430 469 1477 IV
505 1430 584 1474 172
612 1435 698 1475 not.
732 1429 780 1473 21
818 1430 958 1475 Probo
977 1431 1144 1476 tribuit.
1201 1433 1344 1489 Atque
1373 1432 1566 1486 inprimis
1597 1441 1738 1476 exem-

151 1499 225 1555 pla
252 1495 401 1544 mirari
430 1512 513 1544 non
534 1511 761 1554 possumus
790 1500 903 1555 quod
931 1499 1067 1544 multa
1086 1498 1252 1544 Gellius
1278 1501 1371 1544 sine
1391 1503 1568 1545 auctore
1597 1503 1738 1544 trans-

152 1568 393 1624 scripserit:
439 1568 596 1623 quippe
624 1580 736 1624 quae
773 1568 916 1623 potius
953 1566 1175 1623 diligentia
1202 1579 1332 1624 quam
1361 1566 1535 1624 iugenio
1564 1575 1734 1624 compa·

152 1640 301 1682 rentur
330 1634 468 1694 neque
497 1639 602 1692 eius,
632 1638 707 1693 qui
726 1638 954 1692 congessit,
985 1641 1072 1681 tam
1093 1637 1266 1692 propria
1295 1639 1383 1681 sint
1406 1648 1535 1693 quam
1564 1641 1734 1682 senteu-

84 1730 87 1733 -
151 1705 240 1759 tiae
268 1703 653 1761 cogitationesque.
711 1705 761 1749 In
791 1706 887 1761 quis
915 1709 1061 1750 autem
1091 1705 1257 1750 Probus
1289 1705 1514 1761 laudatur,
1536 1705 1734 1751 *animad-

149 1778 294 1820 vertas
324 1786 421 1819 eum
461 1779 505 1818 et
543 1778 743 1819 accurate
781 1774 937 1818 librum
974 1785 1070 1818 cum
1109 1775 1202 1829 ipso
1243 1786 1421 1818 numero
1460 1773 1662 1819 citavisse
1690 1778 1737 1819 et

150 1842 300 1888 sedulo
330 1843 468 1888 locum
497 1843 778 1896 adscripsisse
807 1842 1053 1897 integrum,
1092 1842 1232 1896 Quum
1266 1842 1451 1898 denique
1479 1854 1593 1898 quae
1619 1840 1736 1896 apud

151 1911 416 1957 Priscianum
445 1914 546 1955 suut
576 1910 744 1964 similia,
786 1923 810 1954 e
838 1910 949 1955 libro
979 1909 1109 1955 Probi
1140 1911 1195 1955 de
1221 1910 1351 1955 dubio
1381 1909 1569 1964 perfecto
1598 1909 1738 1964 petita

151 1977 258 2033 sint,
290 1991 343 2023 ex
371 1978 521 2023 eodem
554 1977 718 2022 Gellius
747 1978 942 2022 hausisse
970 1982 1087 2022 recte
1109 1979 1225 2022 visus
1250 1982 1320 2023 est
1339 1977 1654 2022 Graefeuhauio
1672 1976 1735 2025 1v

76 2034 78 2036 ’
155 2042 250 2097 172,
279 2046 393 2092 hunc
420 2047 565 2091 autem
593 2045 781 2091 libellum
811 2049 978 2101 partem
1006 2045 1140 2091 fuisse
1171 2047 1366 2092 existimo
1387 2045 1734 2091 observationum

150 2114 220 2160 vel
247 2116 662 2160 commentationum.
721 2115 841 2159 Bene
870 2114 983 2160 enim
1022 2115 1139 2160 cadit
1166 2116 1211 2160 ιιι
1249 2114 1436 2167 frustula
1463 2115 1568 2160 baec
1595 2113 1734 2159 disso-

45 2221 55 2230 .
150 2183 244 2240 luta
272 2184 451 2230 Suetoi.
439 2186 470 2229 ιι
500 2185 632 2240 „silva
652 2185 998 2229 observationum
1017 2186 1226 2230 sermonis
1246 2184 1453 2241 antiqui‘,
1484 2188 1530 2229 et
1557 2183 1735 2229 verbum

156 2252 423 2309 ¹,annotaviff
432 2287 442 2307 ,
483 2254 597 2310 quod
626 2256 876 2313 constanter
902 2249 1043 2299 Probo
1073 2253 1226 2299 tribuit
1255 2253 1420 2299 Gellius
1450 2253 1475 2310 5
1510 2254 1556 2295 11
1591 2259 1636 2298 et
1670 2252 1734 2303 12,

148 2320 402 2373 confirmare
420 2323 592 2367 videtur
620 2332 714 2367 eam
734 2323 1021 2368 coniecturam
1035 2325 1092 2374 Ἲς
1124 2328 1174 2368 ιιι
1202 2324 1318 2380 quod
1346 2323 1597 2368 solutiorem
1616 2321 1734 2367 illam

28 2367 38 2372 ι’
69 2417 76 2433 »,
150 2394 197 2435 et
234 2390 440 2435 laxiorem
482 2390 832 2435 consuetudinem
875 2391 1139 2436 demonstret
1181 2391 1453 2446 congerentis
1495 2390 1735 2447 materiam,

148 2470 235 2504 uon
262 2458 508 2514 digerentis.

290 2640 316 2686 ¹)
338 2642 408 2678 Ex.
431 2652 484 2687 gr.
508 2641 662 2679 alterum
691 2641 810 2678 locum
841 2641 979 2679 Valerii
1009 2641 1167 2679 Antiatis
1192 2642 1333 2679 Probus
1357 2642 1608 2689 suppeditavit
1630 2642 1652 2689 ξ
1678 2644 1733 2685 12,

149 2695 306 2735 alterum
328 2696 351 2744 ς
375 2700 396 2733 9
419 2699 557 2737 Gellius
581 2699 660 2737 sine
682 2703 832 2736 auctore
854 2701 988 2745 posuit.

16 2784 29 2796 .
84 2795 86 2798 ⁴
289 2755 318 2799 ²)
342 2754 449 2801 Quod
477 2756 594 2794 critici
623 2762 704 2795 erat
732 2756 909 2795 adnotare
938 2756 1004 2802 (ef.
1035 2757 1135 2796 Suet
1168 2756 1193 2795 l.
1214 2756 1238 2796 1.
1265 2759 1326 2804 24)
1350 2744 1641 2810 σημειῶσὸαι,
1682 2757 1732 2797 ιι,

147 2811 219 2852 hec
240 2811 322 2851 loeo
344 2817 500 2861 apparet
521 2812 683 2854 alienum
704 2824 804 2854 esse.
1064 2848 1067 2851 ,
1226 2849 1230 2854 .
