2098 3251
922 120 1180 170 ...·8'-·.
1482 142 1586 177 ·z<

260 253 350 306 gat.
407 243 487 293 Oui
517 246 642 296 facile
670 235 811 295 credo,
842 248 937 289 eam
956 246 1144 305 praeter
1166 243 1278 287 alias
1307 250 1462 288 causas
1491 235 1707 295 secutus&
1724 232 1853 298 w

260 313 491 374 singularis
544 314 653 360 baec
701 314 917 393 annalium
966 313 1246 358 maximorum
1300 313 1442 356 exstat
1488 299 1626 365 apud
1642 295 1855 358 m
1931 357 1940 366 ³

442 386 454 413 Ι

261 383 630 508 mfflgeiungam
671 451 891 508 exempla,
934 451 1008 502 ubi
1047 451 1264 506 dispersos
1304 461 1383 504 per
1411 458 1540 492 unum
1571 438 1711 499 caput·
1725 444 1841 492 wm-
1902 468 1904 471 f

258 523 403 579 plures
433 524 632 566 auctores
662 521 915 566 invenimus.

396 590 441 633 II
480 588 536 631 25
596 588 762 634 Gellius
791 589 984 645 loquitur
1015 590 1069 634 de
1098 587 1297 642 analogia
1326 589 1372 629 et
1400 582 1627 635 anomalia,
1658 583 1713 624 'ex
1723 578 1840 638 Ἧι·

258 671 363 703 rone
404 658 459 702 de
492 657 594 713 ling.
631 657 709 702 lat.
749 658 889 701 locum
929 655 1212 702 transscribit.
1273 653 1356 698 Sed
1396 651 1627 695 occurrunt
1668 645 1840 705 praefisci-

259 721 357 771 eum
396 725 674 771 Aristarchus
713 729 756 769 ct
785 725 960 780 Crates,
1004 724 1228 778 utriusque
1271 724 1413 764 sectae
1457 719 1681 773 principes.
1738 713 1847 770 Qui
1915 730 1924 738 ·

261 808 392 851 quum
424 808 451 840 a
479 794 618 841 Gellio
649 806 814 839 summo
844 794 985 838 studio
1017 805 1170 837 cauS1s
1200 803 1301 836 suas
1343 788 1483 845 egisse
1522 783 1841 842 perhibeantur,

258 865 302 909 id
346 868 543 909 nostrum
587 877 650 909 ex
681 864 872 918 ipsorum
916 862 1099 906 lectione
1148 859 1348 914 cognovi
1335 870 1399 910 se
1450 858 1638 911 putares,
1696 851 1839 908 Atqui

256 918 385 977 aliter
420 945 490 976 res
529 945 575 975 se
615 931 756 975 habet.
817 931 933 974 Idem
964 929 1073 972 enim
1105 929 1257 982 Varro,
1302 926 1423 971 cuius
1454 925 1597 968 locum
1626 921 1753 966 affert
1783 931 1837 963 ex

256 1000 340 1044 fine
371 1000 467 1043 libri
497 1000 549 1042 de
578 1000 722 1053 lingua
751 998 887 1040 latina
916 1000 1072 1050 octav1,
1119 998 1161 1039 in
1199 993 1373 1039 exordio
1409 991 1510 1034 noni
1539 989 1639 1033 libri
1668 988 1840 1042 copiose

258 1069 312 1113 de
343 1068 608 1112 dissensione
638 1066 711 1109 illa
741 1065 957 1109 disseruit.
1086 1096 1091 1101 .

391 1133 514 1178 XVII
554 1134 591 1187 7,
644 1131 669 1174 3
717 1131 823 1177 haec
871 1131 1105 1176 habent-ur:
1168 1132 1278 1186 „Sed
1329 1131 1377 1184 Q.
1419 1126 1624 1175 Scaevola
1675 1131 1841 1188 patrem

257 1215 408 1259 „suum
459 1205 503 1247 et
550 1201 731 1245 Brutum
777 1204 820 1245 et
864 1200 1087 1245 Manilium
1123 1235 1318 1246 .....
1359 1202 1580 1257 quaesisse
1619 1201 1709 1248 ait“
1747 1199 1838 1247 rell.

255 1270 279 1327 ς
325 1270 351 1313 4
396 1270 576 1326 „Itaque
621 1270 666 1312 P.
711 1269 914 1324 Nigidius
938 1303 949 1312 .
970 1302 981 1313 .
1004 1299 1013 1309 .
1035 1304 1046 1323 ‚
1090 1281 1220 1321 super
1264 1269 1532 1315 dubitatione
1571 1270 1651 1316 hac
1693 1278 1841 1315 eorum

256 1337 454 1395 ,3scri15sit
498 1340 542 1381 in
587 1338 716 1381 tertio
760 1338 960 1381 vicesimo
990 1339 1393 1382 commentariorum
1426 1335 1840 1394 grammaticorum.“

255 1405 532 1459 Dirksenius,
594 1406 661 1450 vir
704 1404 1002 1459 doctissimus,
1056 1405 1083 1448 l.
1130 1405 1142 1448 l
1202 1419 1240 1459 p.
1286 1404 1342 1447 50
1386 1419 1481 1462 sqq.
1526 1406 1575 1451 cf.
1622 1410 1709 1451 not.
1761 1403 1840 1465 103

256 1475 413 1527 optime
458 1474 513 1516 ad
552 1486 685 1517 unum
722 1473 941 1528 Nigidium
983 1473 1089 1527 haec
1130 1477 1357 1518 revocavit.
1416 1475 1526 1519 Nam
1564 1475 1613 1528 Q.
1647 1475 1834 1519 Mucium

254 1542 498 1587 Scaevolam
530 1541 726 1596 quamvis
755 1540 1005 1596 frequenter
1035 1541 1200 1585 Gellius
1230 1542 1493 1596 laudaverit,
1531 1554 1749 1597 nunquam
1776 1542 1840 1595 ip-

255 1623 348 1655 sum
394 1611 555 1654 adiisse
597 1610 777 1653 videtur.
837 1609 959 1662 Quod
1004 1612 1147 1654 autem
1190 1611 1389 1666 Nigidius
1436 1611 1479 1654 in
1525 1610 1841 1655 commentariis

252 1679 542 1734 grammaticis
571 1678 779 1722 -Jctorum
809 1680 1143 1723 controversiam
1175 1678 1343 1734 attigit³‚
1391 1680 1432 1721 id
1472 1679 1558 1722 noli
1587 1678 1733 1723 mirari
1763 1685 1843 1723 ne'c

255 1749 297 1791 in
327 1747 639 1790 dubitationem
669 1747 814 1790 vocari
846 1750 989 1801 potest
1019 1750 1196 1801 propter
1225 1746 1353 1790 Gellii
1382 1747 1536 1791 verba:
1577 1758 1736 1802 „super
1764 1747 1842 1791 du-

256 1816 498 1871 „bitatione
526 1815 608 1859 hac
638 1828 786 1859 eorum
816 1816 1032 1870 scripsit.“
1073 1815 1138 1860 De
1168 1816 1248 1860 hac
1278 1817 1414 1871 igitur
1443 1816 1641 1871 Nigidius
1673 1816 1844 1861 videtur

255 1885 488 1929 seeundum
520 1883 781 1938 Scaevolam,
827 1884 992 1927 Gellius
1024 1885 1254 1928 secundum
1286 1885 1423 1928 solum
1454 1884 1670 1939 Nigidium
1699 1884 1843 1938 dispu-

255 1958 385 1998 tasse.
446 1953 567 2005 Quae
606 1953 852 1997 coniectura
892 1954 928 1997 si
969 1954 1037 1997 cui
1077 1967 1228 2007 parum
1274 1957 1417 1997 tamen
1461 1951 1583 1996 firma
1621 1949 1842 1997 videatur:

257 2023 356 2066 nolo
387 2034 554 2077 urgere,
599 2021 715 2076 quod
745 2021 1000 2066 Dirksenius
1029 2021 1058 2065 1.
1088 2023 1114 2065 l.
1146 2025 1252 2066 extr.
1282 2021 1520 2074 contendit,
1568 2020 1841 2065 obscuritatis

257 2089 410 2144 Gellio,
440 2089 479 2133 si
508 2088 693 2133 collatus
721 2087 875 2133 fuisset
904 2088 1121 2144 Scaevola,
1151 2089 1264 2133 hunc
1295 2089 1439 2143 potius
1470 2100 1598 2143 quam
1625 2087 1843 2142 Nigidium

258 2157 544 2202 accusandum
572 2155 726 2200 fuisse:
756 2156 930 2200 maioris
961 2157 1159 2200 momenti
1191 2156 1325 2200 videri
1356 2155 1494 2204 debet,
1520 2156 1647 2211 ,quod
1679 2154 1843 2201 Gellius

259 2225 490 2269 Scaevolae
519 2225 777 2268 sententium
808 2227 959 2268 contra
988 2225 1162 2268 solitum
1198 2236 1358 2268 morem
1399 2224 1490 2268 sine
1519 2223 1629 2268 libro
1657 2227 1841 2270 comme-

259 2294 456 2337 moravit.

394 2361 558 2404 Eadem
588 2361 757 2404 ratione
786 2361 808 2404 1
839 2360 895 2403 20
934 2363 989 2405 ad
1028 2373 1157 2405 unum
1196 2366 1416 2406 auctorem
1456 2373 1658 2406 revocare
1687 2362 1845 2407 licebit.

259 2428 422 2472 Gellius
454 2433 625 2482 praeter
653 2430 889 2473 Varronem
921 2430 1189 2485 Pythagorae
1231 2430 1446 2485 quandam
1477 2430 1730 2491 sententiam
1761 2424 1786 2485 ἓ
1815 2429 1844 2473 6

260 2499 304 2540 et
346 2495 537 2540 Euclidis
576 2496 869 2542 definitionem
907 2497 931 2552 ξ
972 2496 999 2540 9
1039 2499 1276 2553 proposuit.
1337 2498 1479 2553 Atque
1521 2498 1655 2541 totius
1691 2498 1844 2553 capitis

260 2575 469 2608 summam
511 2564 695 2609 Gellium
735 2566 919 2611 Varroni
969 2567 1150 2621 debere,
1207 2566 1426 2621 perspexit
1468 2566 1633 2610 Ritschl
1678 2570 1845 2622 quaest.

261 2630 385 2676 Varr.
415 2643 454 2685 p.
485 2631 542 2675 38
573 2632 596 2686 ξ
632 2633 695 2674 17.
754 2634 872 2679 Idem
913 2635 1104 2681 Euclidis
1145 2634 1436 2679 definitionem
1473 2634 1572 2679 inde
1612 2637 1845 2680 transsum-

405 2793 433 2837 ’)
460 2790 516 2829 cf.
541 2791 695 2831 Merckl.
718 2792 742 2830 1.
766 2792 790 2829 1.
815 2804 854 2839 p.
881 2795 958 2831 651.
