2098 3238
824 114 1007 165 -25‘
1079 143 1137 154 .-

85 223 90 228 η’
125 254 142 300 s
178 233 520 293 bubikorigitur
553 238 639 284 alia
676 237 788 283 ratio
824 236 994 282 videtur
1029 236 1300 291 explicandae
1330 232 1615 280 difficultatis:
1661 243 1752 277 ser·

179 304 339 360 mnia,
356 309 407 351 ut
434 306 624 363 videtur,
645 320 746 352 vere
774 302 915 351 habiti
940 303 1200 351 occasionem
1230 308 1381 350 nactus
1402 302 1567 348 Gellius
1597 301 1651 345 de
1670 312 1751 345 suo

178 372 381 421 mulla
408 375 584 430 adiecit,
629 376 673 419 in
701 373 1089 430 conscribendaque
1128 373 1331 418 Favorini
1371 370 1662 427 disputatione
1691 369 1754 413 ita

82 455 86 458 ·
114 474 116 476 ,
178 442 376 511 umus
404 448 493 499 cst,
537 447 587 489 ut
616 455 693 499 pro
722 442 1001 488 tumultuaria
1028 444 1115 488 iam
1145 443 1375 499 expolitam
1404 442 1598 497 legamus
1631 442 1676 483 et
1704 438 1755 482 li·

178 509 338 559 mm
366 516 411 557 et
439 513 641 568 exemplis
679 512 866 569 undique
904 512 1068 557 fultam.
1088 512 1116 568 ¹)
1176 513 1311 566 Quam
1347 512 1459 555 viam
1505 508 1626 553 nobis
1657 507 1756 552 Gel-

180 580 264 626 lius
293 579 379 626 ali'o
419 581 512 626 loco
551 581 815 626 monstravit.
874 581 895 625 I
926 580 950 623 7
984 581 1155 626 Amicus
1193 580 1364 637 quidam
1404 579 1459 623 ad
1497 576 1755 622 sententiam

180 648 441 706 probandam
485 650 636 695 silvam
679 650 894 705 congessit
937 649 1240 704 exemplorum.
1298 649 1448 703 Neque
1492 647 1605 690 enim
1647 644 1754 689 satis

113 736 116 739 ·
176 717 328 766 holmiz
344 718 516 764 Laberii
535 722 581 764 et
599 718 873 774 Quadrigarii
893 719 1010 764 locos
1033 716 1208 763 afferre:
1239 717 1441 763 excitavit
1471 715 1600 759 etiam
1620 716 1755 758 testes

179 785 417 840 Gracchum
462 790 507 831 et
549 787 747 832 Plautum
791 790 836 831 et
875 787 1091 831 Valerium
1131 787 1359 831 Antiatem.
1417 784 1500 829 Ubi
1531 783 1602 827 ille
1630 780 1756 826 finem

180 854 297 913 fecit,
327 855 492 901 Gellius
510 854 547 913 ,ς’
566 856 616 899 ¹8
647 854 897 911 „Multam‘·‚
928 856 1081 913 inquit,
1111 868 1217 912 „nos
1246 867 1415 912 quoque
1444 853 1559 910 apud
1588 855 1755 897 veteres

0 913 17 976 ζ
66 919 70 923 ’
150 925 438 981 „scriptores
484 924 747 969 locutionum
791 925 940 970 talium
992 925 1155 980 copiam
1201 923 1475 978 offendimus,
1521 926 1650 977 atque
1689 919 1757 964 his

174 992 334 1050 „vulgo
375 993 687 1039 annotamentis
725 990 1049 1049 inspersimus.“
1120 991 1241 1046 Quod
1285 989 1352 1036 his
1396 990 1539 1036 verbis
1582 990 1758 1043 fatetur,

122 1063 125 1064 ’
179 1061 406 1116 impulsum
445 1062 643 1106 videlicet
684 1064 818 1108 amico
856 1062 1002 1107 audito
1040 1062 1389 1120 circumspesissq
1426 1073 1474 1104 se
1513 1059 1658 1113 huius,
1705 1053 1759 1100 de

179 1141 264 1185 quo
294 1128 365 1174 ille
395 1129 573 1181 dixerat,
603 1144 707 1176 usus
739 1132 933 1187 exempla
963 1135 1007 1176 et
1037 1132 1278 1186 adnotasse,
1311 1144 1420 1187 quae
1450 1127 1756 1185 indagavisseb

179 1198 290 1244 idem
318 1197 504 1243 arbitror
531 1211 628 1244 eum
641 1200 794 1246 fecisse
815 1201 1008 1246 omnibus
1039 1201 1092 1245 iis
1121 1200 1239 1256 lociS‚
1271 1199 1343 1245 ubi
1373 1200 1493 1245 dives
1525 1201 1655 1255 atque
1684 1209 1754 1242 ex·

179 1268 324 1324 pedita
353 1269 614 1324 loquentium
642 1272 848 1315 memoria
867 1271 1150 1326 suspicionem
1180 1274 1372 1314 nostram
1401 1273 1554 1313 movet.
1592 1268 1752 1312 Nostro

179 1337 273 1382 loco
302 1336 508 1382 addendis
540 1338 734 1383 omnibus
754 1339 969 1395 exemplis,
1000 1350 1110 1395 quae
1136 1339 1180 1383 in
1210 1339 1306 1383 sinu
1324 1338 1470 1388 habet,
1501 1337 1555 1382 ob
1585 1332 1758 1380 nimiam

148 1404 151 1407 ’
179 1405 342 1452 scilieet
371 1407 537 1462 copiam
567 1407 821 1463 supersedit.
880 1409 999 1453 Sicut
1027 1411 1172 1453 autem
1205 1420 1322 1463 eum,
1367 1408 1405 1451 si
1434 1420 1518 1451 non
1559 1417 1757 1461 superse-

182 1474 328 1530 disset,
358 1486 609 1530 persuisum
628 1475 764 1521 habeo
784 1476 947 1532 reliqua
966 1489 1134 1533 quoque
1165 1476 1298 1521 amico
1320 1474 1579 1520 tributurum
1609 1473 1756 1523 fuisse,

183 1544 334 1589 eodem
364 1545 490 1589 modo
520 1548 565 1590 et
592 1547 918 1601 praecedentem
947 1546 1280 1601 disputationem
1320 1545 1409 1589 suis
1450 1544 1655 1599 exemplis
1686 1556 1760 1588 au-

181 1613 365 1658 xeritet
391 1613 436 1656 in
465 1612 560 1657 aliis
601 1614 864 1658 sermonibus
911 1613 1134 1668 peculiaris
1180 1614 1424 1668 diligentiae
1469 1612 1633 1656 fructus
1663 1623 1762 1666 pro-

179 1680 281 1737 dige
307 1680 491 1736 largitus
520 1681 588 1725 sit.
648 1682 793 1737 Neque
823 1681 1015 1736 exempla
1044 1682 1181 1725 solum
1210 1681 1308 1726 huic
1345 1680 1524 1725 obnoxia
1556 1683 1657 1724 sunt
1685 1679 1760 1723 du-

179 1749 399 1799 bitationi,
444 1749 520 1793 sed
551 1751 698 1804 etiam,
745 1751 782 1794 si
813 1763 898 1806 qua
926 1751 1011 1794 alia
1050 1751 1174 1793 nimis
1204 1750 1372 1793 erudita
1401 1750 1444 1793 in
1475 1762 1550 1793 ore
1582 1749 1760 1792 alicuius

182 1816 569 1874 deprehenduntur.
630 1818 760 1863 Cuius
800 1818 864 1863 rei
905 1819 1103 1863 idoneum
1134 1818 1369 1874 exemplum
1415 1818 1640 1874 proposuit
1668 1816 1763 1862 illu·

181 1887 418 1944 stravitque
446 1887 701 1932 Dirksenius
729 1888 755 1931 l.
777 1902 810 1932 c.
833 1892 919 1933 not.
952 1888 1029 1932 36:
1070 1888 1245 1933 verbum
1274 1901 1358 1932 non
1384 1888 1566 1943 amplius
1596 1887 1760 1931 addam.

320 1968 474 2012 Restat
502 1979 626 2021 vero,
667 1970 717 2012 ut
746 1979 894 2012 eorum
923 1980 1184 2022 sermonum,
1225 1968 1297 2024 qui
1326 1967 1433 2012 nihil
1461 1968 1551 2012 v'eri
1579 1980 1684 2023 prae
1714 1980 1762 2012 se

181 2037 340 2090 ferunt,
373 2036 602 2092 specimina
633 2036 865 2081 exhibeam.
925 2038 973 2080 In
1004 2037 1156 2092 quibus
1188 2037 1356 2091 quoties
1391 2036 1606 2090 depellere
1637 2049 1663 2079 a
1693 2048 1759 2079 me

182 2104 465 2159 suspicionem
494 2103 691 2154 conabar,
723 2105 852 2148 toties
882 2105 926 2148 in
956 2115 1051 2148 eam
1080 2104 1274 2160 relapsus
1306 2117 1415 2148 sum.

318 2184 421 2233 XIX
449 2182 476 2224 5
509 2184 678 2227 Amicus
721 2185 862 2228 nescio
904 2185 1000 2239 quis
1030 2184 1214 2228 Gellium
1245 2187 1374 2238 atque
1404 2184 1637 2227 familiares
1669 2184 1761 2227 eius

182 2252 394 2307 hortatur,
423 2254 473 2297 ut
502 2265 528 2296 a
557 2252 653 2296 nive
684 2251 866 2297 bibenda
895 2256 1153 2308 temperent3
1186 2265 1315 2308 quum
1344 2254 1486 2296 autem
1516 2251 1560 2295 hi
1591 2251 1765 2296 oracula

181 2323 267 2380 ista
294 2321 413 2366 flocci
443 2321 641 2375 pendant,
673 2321 920 2366 Aristotelis
950 2322 1106 2366 librum
1134 2322 1495 2377 problematorum
1526 2319 1672 2365 afferri
1701 2321 1764 2364 iu·

182 2390 256 2435 bet
286 2393 330 2435 et
358 2391 651 2451 gravisissima
690 2392 781 2436 eius
821 2392 901 2436 viri
931 2393 1188 2437 auctoritate
1226 2392 1281 2434 ad
1318 2390 1525 2446 puerilem
1555 2390 1670 2433 illam
1699 2390 1764 2434 in-

324 2562 351 2604 ¹)
375 2561 561 2599 Accedere
585 2561 727 2600 videtur
755 2562 823 2598 hoc
856 2562 936 2599 loco
960 2561 1067 2599 alieni
1092 2561 1200 2601 fontis
1232 2560 1405 2597 indicium
1428 2561 1450 2608 ξ
1475 2561 1519 2596 29
1546 2560 1765 2603 „Manubiae

184 2617 299 2662 ‚enim
314 2622 419 2669 ‘su-nt,
444 2618 550 2655 sicuti
575 2619 645 2655 iam
670 2619 744 2656 dixi
768 2618 1010 2664 (Favorinus),
1046 2628 1119 2653 non
1145 2617 1281 2663 praeda
1305 2618 1370 2654 sed
1390 2617 1545 2663 pecunia
1568 2628 1634 2663 per
1657 2628 1764 2662 quae-

185 2678 340 2719 ,εισι-θαι
363 2684 447 2721 pop.
472 2675 514 2713 R.
538 2687 584 2713 ex
605 2675 744 2722 praeda
772 2675 916 2714 vendita
949 2677 1167 2711 contracta.“
1218 2674 1353 2721 Quidni
1386 2674 1606 2718 Favorinus,
1642 2675 1673 2711 si
1698 2684 1765 2711 sua

184 2735 314 2778 sponte
336 2731 556 2779 loqueretur,
592 2734 714 2770 statim
737 2733 963 2780 praefectum
985 2732 1127 2769 aerario
1151 2732 1362 2780 appellavit,
1385 2743 1492 2780 quem
1514 2732 1576 2771 illo
1601 2736 1763 2776 tempore

186 2789 433 2827 hoc-munere
446 2788 559 2837 fungi,
583 2790 604 2837 ξ
627 2791 814 2829 sesemet
831 2789 1164 2837 ipsescorrecturus
1187 2789 1313 2827 innuit.
1341 2807 1345 2809 -
