2098 3255
954 142 1009 151 .-.
1066 108 1132 162 22⁸
1181 129 1241 152 ..·.

297 232 438 289 magis
468 232 693 288 magisque
721 232 946 278 assentior.
1005 231 1180 278 Movent
1219 240 1291 279 me'
1330 223 1489 295 quippe
1522 236 1707 290 pmffl
1722 230 1898 303 &ravis-

300 300 409 347 sima
450 295 577 346 illius
609 300 691 346 viri
733 304 1009 358 argumenta,
1059 302 1141 348 loci
1179 299 1354 359 quidam
1383 299 1510 348 Gellii
1538 303 1681 349 antea·
1692 295 1902 357 nbnffl
1942 311 1944 313 ’

301 368 409 416 satis
438 370 710 416 considerati.

437 439 580 495 Atque
608 436 777 485 fidelem
807 440 1019 485 sermonis
1059 441 1308 486 memoriam
1336 440 1522 486 Gellium
1550 439 1775 487 interdum
1794 440 1900 498 aas

299 494 481 558 didisse,
525 510 576 552 ut
618 505 824 566 exemplis
869 508 1116 565 ostendam,
1161 521 1284 555 nemo
1324 509 1569 565 postulabit.
1629 508 1729 554 Oui
1738 498 1902 566 giss}

298 571 436 631 plura,
467 588 599 631 quam
624 573 881 621 Dirksenius
911 577 1059 628 voluit,
1097 579 1416 624 adnumeranda
1447 586 1545 623 esse
1573 583 1759 623 censeo.
1771 569 1901 629 &fid

299 643 356 689 ab
383 644 438 689 iis
468 645 749 704 sermonibus,
796 646 870 702 qui
913 647 1162 692 mutationis
1207 647 1431 693 cuiusdam
1472 646 1655 702 vestigia
1693 646 1811 703 ιιι-16
1828 634 1933 693 'se

300 711 468 827 ἰείἑυηι,
513 713 568 757 ad
612 713 691 758 hos
735 713 1051 770 transgrediar,
1101 715 1172 770 qui
1204 715 1366 760 nullam
1394 716 1483 760 veri
1513 702 1931 788 speciatum

301 796 329 826 v
374 784 514 828 entur.

438 847 500 895 Ac
528 850 711 906 primum
752 851 926 906 quidem
951 850 1227 896 Dirksenium
1266 852 1572 907 descriptio
1611 832 1888 911 dissei-‘effla-

231 965 234 967 .
299 920 432 965 tium
471 930 655 974 parum
694 918 937 973 diligens
975 920 1019 963 in
1053 920 1337 975 suspicionem
1367 920 1577 965 sermonis
1607 913 1888 966 commentfflfl

298 986 489 1032 adduxit.
548 985 671 1040 Quod
715 985 951 1031 concedens
995 990 1295 1043 argumentum
1341 986 1426 1033 non
1469 990 1614 1033 tamen·
1657 987 1711 1032 n'd
1749 988 1888 1038 &effi

300 1055 595 1114 quaestionem
624 1050 902 1100 dirimendam
930 1054 1131 1100 idoneum
1161 1068 1258 1101 esse
1288 1054 1488 1101 arbitror.
1533 1055 1682 1101 Veluti
1707 1047 1892 1102 niniffl

298 1126 360 1170 illi
389 1124 513 1169 facile
542 1123 694 1168 tribuit
723 1124 789 1167 vir
818 1123 984 1180 doctus,
1027 1137 1158 1180 quum
1188 1138 1229 1179 p.
1261 1122 1287 1166 9
1319 1127 1404 1168 not.
1425 1122 1481 1167 26
1511 1125 1554 1168 in
1582 1123 1694 1169 fictis
1723 1132 1893 1170 sermo-⁰⁷

299 1193 423 1238 nibus
452 1194 590 1238 locum
619 1192 779 1237 habere
808 1192 941 1238 vellet
969 1194 1009 1238 V
1044 1193 1107 1237 13.
1167 1193 1254 1239 Ubi
1284 1193 1449 1239 Gellius
1479 1206 1564 1238 non
1592 1194 1732 1249 ipsos,
1778 1202 1886 1249 quos

298 1263 512 1308 audivisse
541 1274 589 1305 se
618 1260 859 1315 profitetur,
889 1262 1155 1306 disserentes
1174 1262 1288 1317 fecit,
1320 1263 1396 1306 sed
1427 1273 1663 1306 sermonem
1692 1260 1887 1307 habitum

299 1342 394 1375 esse
423 1329 627 1384 narravit,
658 1329 776 1376 locos
807 1333 952 1376 autem
981 1332 1240 1386 scriptorum
1271 1331 1327 1376 ad
1353 1344 1448 1376 eam
1477 1342 1570 1376 rem
1598 1331 1885 1384 conducentes

298 1401 453 1453 postea
480 1398 573 1452 ipse
603 1397 798 1442 subiecit.
849 1397 1014 1450 Quodsi
1030 1398 1121 1442 *hos
1153 1399 1269 1443 locos
1302 1398 1478 1454 Gellius,
1509 1401 1559 1442 ut
1587 1398 1772 1453 saepius,
1802 1397 1886 1442 col-

299 1465 574 1523 loquentibus
602 1462 847 1521 tribuisset,
886 1466 1040 1512 merito
1070 1466 1124 1511 de
1155 1466 1406 1522 integritate
1435 1465 1642 1512 sermonis
1671 1463 1887 1512 dubitare·

299 1546 416 1582 mus:
454 1538 501 1581 at
530 1537 574 1580 in
604 1534 898 1592 suspicionem
925 1546 1017 1581 rem
1048 1547 1216 1592 vocare,
1257 1536 1360 1592 quia
1390 1542 1601 1591 personae
1631 1535 1887 1593 parum-de>-

299 1605 495 1663 signatae
534 1605 635 1651 sunt
679 1617 733 1651 ne
769 1608 820 1651 ut
858 1604 1129 1662 disputantes
1171 1606 1342 1662 quidem
1372 1605 1571 1651 inductae
1585 1636 1595 1656 ,
1637 1617 1707 1650 me
1751 1603 1891 1650 iudiee

299 1676 385 1720 noli
413 1674 572 1720 licebit.
632 1673 722 1720 Nee
750 1675 908 1731 solum,
950 1676 1053 1731 quia
1081 1674 1235 1720 leviter
1263 1670 1505 1730 descriptae
1535 1676 1639 1719 sunt
1666 1674 1888 1729 personae,

299 1744 376 1789 sed
407 1744 537 1789 etiam
567 1743 683 1800 quod
712 1741 960 1800 frequentes
991 1746 1166 1790 eaedem
1198 1747 1444 1795 occurrunt,
1489 1743 1698 1800 sanguine
1728 1745 1773 1789 et
1800 1742 1889 1798 spi-

300 1812 390 1856 ritu
418 1817 567 1857 carere
596 1813 716 1858 visae
744 1814 847 1857 sunt
876 1811 1132 1867 Dirksenio;
1164 1824 1343 1868 quarum
1377 1812 1570 1868 exempla
1599 1811 1771 1867 collegit
1798 1814 1889 1856 not·

301 1878 372 1925 27.
430 1880 479 1925 L.
500 1879 562 1926 VI
588 1880 637 1922 17
668 1877 831 1926 Gellius
863 1892 915 1925 ex
946 1881 1226 1936 grammatico
1258 1878 1443 1936 quodam
1473 1879 1644 1935 quaerit
1672 1878 1727 1924 de
1755 1877 1887 1935 signi·

301 1948 502 1994 ficatione
531 1961 621 1994 voc.
653 1947 877 2004 obnoxius,
908 1961 958 1993 ac
987 1950 1171 2004 primum
1201 1950 1309 1994 satis
1340 1947 1618 1997 verecunde,
1621 1952 1719 2002 ,non
1748 1944 1890 1993 hercle

304 2017 582 2076 „experiundi
614 2018 682 2062 vel
711 2017 948 2075 temptandi
978 2017 1133 2073 gratia,
1177 2016 1254 2062 sed
1297 2016 1433 2074 magis
1477 2015 1667 2061 discendi
1705 2013 1890 2068 senum

302 2090 353 2132 ut
384 2085 477 2142 ipse
506 2087 580 2132 ait
640 2087 733 2132 Iste
760 2086 980 2134 indoctum
1011 2083 1225 2131 hominem
1262 2084 1503 2142 despiciens
1539 2087 1796 2142 arroganter
1824 2087 1894 2132 re*-

304 2154 501 2213 spondet,
531 2154 643 2201 tales
663 2154 866 2201 minutias
887 2155 1110 2212 aspernari
1142 2166 1190 2200 se
1219 2154 1372 2200 innuit.
1409 2151 1550 2210 Urget
1577 2156 1681 2198 vero·
1712 2151 1891 2223 Gellius,

305 2224 378 2270 ille
407 2223 660 2277 reluctatur,
704 2223 893 2280 tandem,
937 2226 975 2269 si
1005 2223 1071 2268 dis
1102 2225 1265 2280 piacet,
1311 2223 1489 2268 ridenda
1519 2221 1700 2277 profert.
1752 2216 1892 2280 Quum

305 2297 449 2339 autem
478 2303 617 2349 usque
647 2296 768 2339 tenet
796 2297 959 2344 noster,
989 2292 1144 2339 nebulo
1164 2289 1320 2349 puerili
1349 2291 1465 2337 dicto
1495 2288 1717 2335 mendacio
1737 2284 1891 2337 evadit.

303 2385 362 2394 -
396 2361 515 2408 Haec
554 2361 747 2407 narratio
787 2362 897 2408 satis
933 2360 1076 2418 lepida
1115 2363 1159 2407 et
1192 2359 1376 2407 iucunda
1405 2367 1533 2405 aures
1563 2359 1772 2415 delectat,
1814 2358 1894 2407 nee

306 2443 384 2485 per
412 2443 460 2475 se
488 2432 584 2486 ipsa
615 2430 829 2476 offendere
858 2434 1026 2487 potest;
1072 2432 1245 2486 saepius
1286 2434 1430 2474 tamen
1469 2440 1602 2483 quum
1642 2427 1876 2474 similisre
1826 2440 1896 2474 re-

307 2495 429 2549 deat,
467 2508 553 2545 non
581 2503 742 2547 temere
773 2511 868 2547 eam
897 2499 1155 2547 Dirksenius
1186 2499 1241 2546 ab
1271 2498 1454 2546 artificio
1487 2497 1670 2554 quodam
1703 2498 1892 2554 repetiit.

445 2566 651 2614 Maiorem
679 2572 837 2626 autem,
880 2585 1008 2628 quam
1037 2570 1146 2617 haec
1174 2571 1445 2627 argumenta,
1490 2562 1775 2623 suspicionem
1805 2570 1895 2613 mo-

307 2640 409 2685 vent
438 2650 658 2685 sermones
687 2638 973 2697 negligentius
1004 2640 1238 2698 compositi.

445 2709 688 2755 Occurrunt
715 2709 851 2765 igitur
878 2712 974 2766 loci,
1004 2711 1078 2756 ubi
1108 2709 1316 2756 sermonis
1345 2706 1484 2752 forma
1514 2705 1656 2751 subito
1684 2706 1894 2762 relinqui·

307 2783 392 2825 tur.
454 2778 515 2825 cf.
545 2777 691 2824 Dirks.
722 2791 764 2835 p.
800 2779 846 2821 11
881 2780 978 2826 adn.
1010 2777 1078 2824 33.
1136 2779 1244 2826 xm
1274 2776 1324 2820 21
1368 2775 1520 2821 Prodit
1557 2774 1773 2822 dnm-ns
1809 2774 1895 2823 vu
1958 2820 1962 2823 ,
2026 2767 2089 2855 ’ἡ
