2098 3261
1577 2 1651 88 ,ΚΝ

959 127 1016 136 --
1077 100 1159 145 104
1223 126 1272 134 «-

314 218 577 276 diligentius,
628 230 758 274 quam
785 218 974 275 Fronto,
1016 220 1238 275 expressit.
1297 220 1343 266 Si
1372 222 1517 265 autem
1547 219 1601 264 ad
1631 213 1899 266 Herodotum
2035 208 2098 271 “233

316 289 446 333 etiam
476 286 640 332 Gellius
669 287 826 342 rediit,
872 301 900 332 a
928 301 1033 333 casu
1061 289 1206 344 potius
1243 301 1369 344 quam
1399 301 1426 332 a
1453 287 1766 333 necessitudine
1795 288 1899 345 qua·
2039 302 2045 310 ‘
2070 279 2098 308 ⁹³

315 357 413 401 dam
442 367 675 401 consensus
707 356 889 412 exiguus
920 358 1060 413 repeti
1091 357 1232 403 debet.
1271 358 1339 402 Ita
1368 356 1516 401 dubito
1547 369 1601 402 an
1621 356 1901 403 Frontoniaui

315 425 413 470 libri
442 425 673 479 vestigium
713 424 958 470 habendum
996 427 1055 470 sit
1083 427 1184 470 XVI
1222 424 1283 474 14,
1316 425 1363 469 5:
1415 425 1714 479 „Commodius
1759 420 1903 470 aut'em
2003 454 2094 482 ‚4343

316 493 613 549 „propiusque
642 494 782 537 visum
812 497 892 549 est,
922 494 1130 539 festinare
1161 505 1256 538 esse
1287 494 1411 549 quasi
1441 493 1602 538 fessum
1632 502 1742 538 esse.
1792 492 1903 540 Nam
2001 487 2098 560 ἕξ

317 562 420 617 „qui
450 561 598 606 multis
630 562 759 606 simul
788 563 919 608 rebus
951 563 1228 619 properandis
1259 562 1453 607 defessus
1485 565 1571 616 est,
1617 563 1655 607 is
1693 561 1777 607 iam
1817 574 1902 615 non
1967 612 1982 619 ,Α
2026 568 2094 593 ³

318 628 566 685 „properae
608 623 684 674 sed
714 630 932 676 festinat.‘'·
960 672 962 674 ,
991 632 1109 675 Haec
1140 631 1258 686 origo
1290 643 1392 674 sane
1423 631 1654 686 singularis
1682 630 1805 677 valde
1834 642 1903 675 sa-
2048 620 2076 650 θ’

315 699 379 754 pit
407 698 669 743 Frontonem
699 700 739 743 d.
771 698 857 744 diff.
887 700 1032 744 vocab.
1064 713 1104 755 p.
1137 698 1214 743 281
1241 700 1313 744 N:
1348 700 1457 755 „Qui
1486 704 1692 754 properat
1720 702 1903 754 apparet

316 779 429 818 „non
466 779 564 811 esse
602 766 788 821 fessum,
836 768 909 822 qui
946 766 1121 811 festinat
1156 768 1326 811 videtur
1356 780 1450 811 esse
1480 766 1785 822 defatigatus.“
1844 767 1903 813 At

316 846 535 890 nunquam
572 834 686 878 hunc
725 835 879 879 librum
921 835 973 878 de
1013 834 1264 879 differentiis
1295 835 1596 880 vocabulorum
1627 835 1789 880 Gellius
1816 848 1903 881 me-

316 904 515 948 moravit.
575 903 716 956 Quare
755 905 792 948 si
830 904 1059 948 Frontonis
1099 904 1180 949 hoc
1223 905 1316 949 loco
1359 906 1595 949 auctoritas
1636 904 1903 960 agnoscenda

318 976 410 1023 est,
457 972 621 1017 Gellius
652 985 737 1016 non
767 986 819 1017 ex
847 973 958 1017 libro
990 974 1082 1017 eius
1114 974 1192 1018 sed
1222 974 1275 1018 ab
1305 975 1401 1029 ipso
1431 977 1656 1029 praesente
1686 973 1903 1028 accepisse

317 1041 498 1086 videtur.
548 1064 597 1071 —-
644 1042 689 1085 H
727 1040 783 1083 26
819 1042 982 1086 Fronto
1024 1046 1068 1086 et
1098 1043 1335 1087 Favorinus
1377 1044 1429 1087 de
1468 1044 1656 1087 colorum
1691 1041 1903 1087 vocabulis

319 1109 553 1163 disputant,
598 1110 661 1154 ita
691 1111 886 1166 quidem,
935 1114 984 1155 ut
1013 1112 1252 1156 Favorinus
1282 1124 1462 1167 graecae
1491 1112 1664 1166 linguae
1694 1110 1903 1155 ubertatis

316 1178 516 1223 laudator
544 1178 704 1223 latinae
734 1180 922 1235 inopiam
952 1181 1155 1236 increpet,
1188 1182 1349 1226 Fronto
1369 1180 1498 1226 huius
1530 1183 1730 1236 suscepto
1760 1182 1907 1235 patro-

316 1248 426 1291 cinio
455 1248 597 1291 varias
627 1247 709 1291 rufi
739 1248 894 1292 coloris
926 1250 1092 1303 species
1124 1250 1147 1304 ξ
1180 1249 1320 1291 7—19
1351 1262 1428 1293 suo
1459 1262 1671 1305 quamque
1700 1247 1903 1293 vocabulo

316 1316 592 1362 demonstret.
650 1316 757 1362 XIII
786 1316 841 1362 29
873 1318 1147 1375 Quadrigarii
1178 1319 1314 1364 locum
1354 1319 1500 1364 subtili
1541 1331 1668 1363 sensu
1697 1316 1906 1372 interpre-

316 1388 457 1434 tatur,
503 1385 724 1438 eleganter
761 1386 881 1429 illum
922 1388 1079 1430 multos
1122 1388 1325 1430 mortales
1363 1399 1441 1441 pro
1482 1387 1628 1429 multis
1661 1384 1903 1428 hominibus

314 1452 513 1509 posuisse
542 1453 773 1509 contendit,
806 1453 1199 1500 demonstraturum
1232 1455 1393 1500 scilicet
1421 1455 1560 1500 fusam
1588 1453 1905 1499 multitudinem

318 1523 411 1566 sine
441 1534 569 1566 sexus
599 1522 842 1578 aetatisque
873 1524 1127 1568 discrimine.
1187 1525 1289 1567 XIX
1318 1524 1346 1566 8
1384 1524 1638 1567 familiarem
1679 1524 1904 1579 quendam,

318 1591 391 1649 qui
419 1590 604 1636 harenas
635 1591 801 1637 dixerat
829 1590 1135 1653 πληθυντικῶς,
1176 1593 1306 1638 verbo
1337 1594 1514 1649 premit,
1555 1592 1815 1638 auctoritate
1843 1592 1906 1638 ni·

319 1674 393 1706 sus
425 1661 472 1706 C.
503 1660 703 1706 Caesaris
735 1661 759 1717 ξ
789 1662 915 1706 3-4.
975 1664 1140 1707 Deinde
1178 1662 1201 1718 ἕ
1233 1662 1373 1705 9-12
1415 1662 1694 1717 singularium
1736 1664 1906 1705 tantum

313 1723 364 1775 'et
392 1730 620 1786 pluralium
650 1732 869 1776 nominum
900 1732 1108 1777 rationem
1139 1732 1317 1777 reddere
1349 1732 1515 1787 studet,
1561 1730 1584 1787 ξ
1620 1729 1670 1773 13
1700 1730 1906 1785 desperat

318 1800 372 1845 de
408 1799 608 1855 analogia
645 1800 689 1844 in
727 1800 795 1845 his
836 1801 1033 1845 omnibus
1074 1801 1415 1846 demonstranda.
1475 1798 1577 1844 XIX
1624 1799 1675 1841 10
1714 1800 1766 1844 de
1803 1810 1906 1844 voce

319 1872 675 1924 praeterpropter
706 1871 877 1926 quaerit
905 1871 1043 1927 magis
1075 1884 1202 1928 quam
1235 1871 1374 1926 docet,
1405 1869 1480 1914 sed
1509 1869 1696 1913 vindicat
1727 1879 1831 1922 eam,
1850 1866 1905 1931 ab
1950 1923 1952 1925 ,

318 1939 531 1984 immerito
561 1940 784 1985 cuiusdam
813 1942 1080 1994 grammatici
1110 1944 1369 1995 contemptu.
1429 1939 1572 1983 Minus
1610 1938 1739 1982 etiam
1768 1937 1904 1992 magi--

317 2009 398 2053 stri
427 2020 656 2063 personam
685 2009 825 2052 induit
853 2009 956 2053 XIX
990 2007 1055 2064 13,
1089 2009 1160 2053 ubi
1192 2022 1243 2053 ex
1273 2008 1459 2060 Sulpicio
1490 2006 1672 2062 quaerit,
1706 2004 1907 2061 pumilio·

319 2089 395 2121 nes
426 2076 586 2121 rectius
619 2089 673 2122 an
703 2077 805 2121 nani
837 2078 958 2122 exilis
988 2080 1183 2122 staturae
1212 2077 1403 2121 homines
1434 2076 1643 2121 dicantur.

898 2193 979 2241 47.
1050 2184 1330 2242 Favorinus.

458 2282 566 2328 Eius
596 2283 724 2328 lateri
754 2282 919 2329 Gellius
949 2284 1129 2328 maxime
1158 2282 1374 2338 haerebat,
1417 2295 1548 2339 quum
1580 2285 1625 2327 et
1656 2281 1709 2326 ab
1739 2282 1909 2339 ingenio
1993 2310 1996 2314 ·

322 2357 368 2398 et
404 2366 431 2397 a
472 2353 698 2408 disciplina
739 2354 983 2409 studiisque
1023 2354 1146 2398 valde
1185 2355 1223 2398 ei
1254 2354 1462 2408 probatus
1495 2356 1634 2406 esset;
1686 2363 1785 2395 nam
1813 2352 1916 2397 licet

319 2412 395 2466 ille
424 2421 712 2476 profiteretur
742 2423 865 2467 unice
894 2422 1219 2478 philosophiam,
1252 2434 1334 2466 non
1366 2421 1628 2466 abhorrebat
1657 2433 1683 2465 a
1703 2421 1916 2483 quaestio·

321 2489 446 2536 nibus
476 2491 779 2546 grammaticis.
840 2492 903 2536 Ac
931 2491 1136 2535 librorum
1168 2492 1340 2545 quidem
1374 2492 1466 2534 eius
1503 2491 1600 2544 plus
1630 2501 1762 2532 unum
1792 2489 1919 2551 adhi-

320 2559 415 2605 buit
443 2560 488 2604 in
518 2558 811 2615 philosophia,
858 2560 1138 2616 grammatica
1169 2572 1280 2615 quae
1298 2617 1302 2620 ῃ
1320 2561 1359 2604 ei
1389 2559 1538 2613 debet,
1586 2571 1611 2603 e
1642 2557 1912 2604 sermonibus

319 2630 493 2676 videtur
532 2629 777 2684 percepisse
818 2630 972 2674 omnia.
1034 2630 1152 2682 Quae
1183 2631 1238 2674 ad
1267 2633 1428 2684 certam
1458 2628 1670 2684 quandam
1701 2640 1910 2682 gramma·

321 2700 429 2745 tices
460 2704 629 2755 partem
658 2699 855 2743 revocari
885 2702 1124 2755 nequeunt,
1171 2698 1247 2744 sed
1285 2698 1451 2744 varium
1492 2700 1535 2742 et
1577 2695 1799 2751 multiplex
1833 2696 1916 2743 viri

322 2770 537 2826 ingenium
557 2767 804 2814 ostendunt.
844 2769 865 2812 I
901 2768 965 2824 15,
1001 2769 1052 2823 11
1084 2768 1221 2814 Gellio
1252 2769 1562 2823 interpretatur
1592 2766 1793 2821 Euripidi
1821 2778 1937 2816 vel·-¹

1994 2613 2018 2634 O
