2098 3256
142 948 149 953 -
218 948 309 1073 De
352 993 418 1074 A.
460 976 621 1071 Gellii
662 955 990 1072 auctoribus
1031 994 1421 1097 grammaticis
1463 992 1796 1098 disquisitio,

350 1321 512 1374 Quibus
552 1322 691 1365 causis
731 1322 940 1365 adductus
981 1321 1058 1364 sim
1072 1350 1084 1368 ‚
1129 1322 1177 1362 ut
1221 1330 1351 1374 quum
1395 1322 1523 1363 antea
1566 1319 1791 1363 eonsilium

210 1388 385 1445 fuisset,
430 1390 483 1435 de
523 1390 685 1435 cunctis
727 1390 777 1433 A.
809 1389 935 1433 Gellii
975 1388 1163 1433 fontibus
1202 1386 1411 1441 scribere,
1457 1388 1543 1431 iam
1573 1385 1640 1431 vde
1686 1388 1791 1431 solis

209 1459 499 1514 grammaticis
529 1459 719 1503 libellum
750 1459 984 1513 separatim
1014 1458 1204 1512 ederem,
1249 1457 1292 1500 in
1336 1457 1555 1509 prooemio
1600 1458 1791 1511 exposui.

208 1526 380 1572 Addere
424 1539 535 1572 nuuc
579 1527 733 1582 debeo,
780 1539 866 1582 qua
895 1527 1063 1570 ratione
1100 1526 1209 1570 hanc
1240 1525 1488 1569 divisionem
1517 1525 1791 1569 instituerim.

209 1594 404 1639 Difficilis
434 1595 624 1650 profecto
656 1598 722 1638 est
752 1598 797 1638 et
827 1595 952 1648 plena
982 1594 1259 1638 dubitationis
1280 1594 1417 1637 omnis
1447 1594 1553 1637 haec
1582 1606 1790 1648 gramma·

210 1662 318 1707 tices
359 1663 674 1707 determinatio.
733 1662 850 1714 Quae
889 1663 1088 1717 quoniam
1128 1661 1281 1706 finibus
1311 1662 1425 1717 apud
1455 1665 1622 1705 veteres
1653 1662 1788 1705 multo

207 1731 434 1776 latioribus
464 1731 760 1775 continebatur
789 1743 915 1786 quam
945 1731 1058 1786 apud
1089 1743 1189 1784 nos,
1236 1743 1321 1774 non
1351 1733 1605 1774 consecutus
1635 1742 1788 1786 essem,

210 1800 323 1855 quod
353 1800 397 1843 in
428 1800 612 1843 animum
641 1799 910 1855 induxeram,
959 1802 1009 1843 ut
1038 1799 1197 1843 laboris
1236 1798 1342 1843 fines
1377 1799 1642 1855 aliquantum
1672 1811 1788 1843 coer·

209 1880 358 1924 cerem,
389 1869 440 1922 si,
473 1881 584 1924 quae
613 1870 782 1913 veteres
813 1868 867 1912 ad
898 1871 1035 1912 artem
1067 1868 1387 1923 grammaticam
1402 1868 1621 1923 ⁴pertinere
1640 1867 1788 1912 volue-

199 1940 333 1991 runt,
379 1938 519 1980 omnia
559 1937 836 1981 admisissem.
896 1937 1026 1981 Velut
1055 1937 1336 1992 antiquitates
1372 1936 1443 1979 illo
1473 1939 1666 1991 tempore
1697 1937 1789 1981 sine

206 2005 336 2050 dubio
363 2005 632 2060 grammatici
664 2009 806 2060 erant;
839 2005 1035 2061 equidem
1066 2005 1276 2060 separavi,
1308 2005 1409 2059 quia
1439 2005 1493 2049 ad
1523 2005 1628 2049 iuris
1649 2006 1787 2050 seien-

209 2073 313 2118 tiam
341 2074 532 2127 proxime
561 2074 777 2129 pertinent
807 2078 851 2118 et
880 2086 1010 2128 saepe
1040 2072 1094 2118 ab
1134 2073 1285 2118 iisdem
1320 2073 1567 2118 auctoribus
1602 2076 1788 2118 tractan-

207 2146 292 2197 tur,
323 2142 378 2185 ab
409 2142 721 2186 iureconsultis.
781 2143 908 2186 Vitae
939 2146 1164 2196 poetarum
1194 2145 1238 2185 et
1268 2142 1526 2196 scriptorum
1554 2142 1787 2186 illustrium

208 2209 372 2255 alienae
400 2223 454 2255 ne
483 2210 565 2255 hae
595 2211 764 2266 quidem
796 2224 822 2255 a
841 2210 1127 2266 grammaticis
1146 2209 1339 2254 fuerunt:
1373 2209 1474 2254 mihi
1495 2209 1605 2254 bene
1625 2208 1787 2255 differri

208 2291 337 2333 posse
365 2279 621 2323 videbantur
661 2280 714 2322 ad
744 2280 961 2323 historica.
1021 2279 1140 2331 Quae
1169 2279 1301 2333 igitur
1331 2291 1412 2333 ego
1444 2291 1554 2322 nunc
1582 2280 1623 2322 in
1654 2292 1785 2334 quae-

206 2348 389 2392 stionem
416 2347 578 2401 vocavi,
611 2359 661 2392 ea
692 2350 792 2391 sunt
821 2359 931 2404 quae
960 2347 1175 2403 pertinent
1205 2347 1258 2391 ad
1280 2347 1578 2402 etymologiam
1608 2350 1652 2391 et
1681 2347 1785 2392 lexi-

208 2415 380 2471 logiam,
425 2416 480 2460 ad
525 2417 780 2470 scriptorum
824 2417 1150 2471 enarrationem,
1196 2416 1249 2459 ad
1295 2419 1431 2460 artem
1476 2417 1681 2471 criticam,
1728 2418 1785 2461 ad

36 2494 53 2503 ³
126 2481 131 2485 ’
205 2482 482 2538 rhetoricam
500 2486 532 2537 ¹)
574 2485 756 2539 denique
787 2485 841 2529 ad
871 2485 1174 2540 antiquitatum
1206 2497 1299 2528 eam
1328 2487 1509 2540 partem,
1549 2498 1661 2541 quae
1691 2499 1784 2530 ma-

204 2552 270 2606 gis
300 2553 344 2595 in
374 2552 630 2607 explicandis
659 2553 875 2597 vocabulis
906 2566 1032 2608 quam
1062 2553 1325 2596 illustrandis
1355 2554 1565 2598 institutis
1595 2554 1785 2610 legibus·

348 2674 373 2719 ¹)
412 2675 517 2712 Hane
541 2686 614 2712 11011
638 2676 862 2714 avellendam
887 2686 967 2713 esse
991 2676 1076 2712 duxi
1100 2675 1298 2713 secundum
1324 2676 1471 2714 Sueten.
1500 2677 1533 2714 d.
1558 2677 1609 2715 ill.
1634 2687 1783 2723 gramm.

206 2741 238 2767 0.
264 2733 303 2767 4:
329 2732 500 2774 ¹‚Veteres
524 2733 749 2779 grammatici
771 2738 808 2771 et
829 2733 1045 2770 rhetoricam
1070 2733 1251 2770 docebant
1274 2744 1319 2772 ac
1342 2734 1536 2771 multorum
1560 2735 1606 2772 de
1629 2740 1782 2779 utraque

206 2791 306 2833 ‚arte
329 2790 577 2828 commentarii
598 2789 796 2829 feruntur-²
