2098 3261
967 94 1252 136 ..56-

318 217 432 263 enim
460 216 574 259 hunc
603 225 773 269 quoque
802 210 1043 266 praeceptis
1073 211 1163 254 suis
1194 210 1457 266 subdidisse,
1497 213 1533 255 si
1564 224 1640 266 per
1670 223 1718 256 se
1746 211 1900 266 probo-

318 286 405 331 bile
436 291 516 339 est,
557 282 720 327 Gellius
751 281 926 335 insuper
964 277 1192 324 affirmavit
1219 279 1365 325 XVIII
1386 279 1425 337 4,
1463 280 1532 326 11;
1580 279 1719 336 „Quos
1750 278 1900 337 (libros

326 354 621 410 „Nigidianos)
651 350 884 404 requisitos
916 360 995 402 ego
1034 351 1079 391 et
1117 352 1314 401 repertos
1344 362 1439 392 cum
1478 350 1712 403 primarum
1741 342 1902 403 signifi-

273 442 278 444 >
327 423 565 477 „cationum
585 417 810 472 exemplis“
847 430 882 461 e·
905 430 945 472 q.
967 429 1002 461 s.
1061 417 1282 461 Postremo
1302 417 1540 473 complures
1569 417 1686 462 locos
1717 429 1770 461 ex
1788 427 1898 465 com·

321 490 541 536 mentariis
570 487 860 544 grammaticis
890 486 1187 540 transscripsit
1216 485 1379 530 Gellius
1408 487 1511 531 XIX
1541 485 1607 535 14,
1640 485 1664 541 ξ
1694 484 1722 527 6
1750 498 1845 541 sqq.

459 558 563 602 Tam
592 557 859 612 frequentem
896 555 981 598 iam
1010 555 1190 599 vidimus
1228 556 1627 600 commentariorum
1657 554 1901 610 grammati-

321 640 468 671 corum
488 639 627 680 usum,
657 629 706 668 ut
735 637 762 667 a
791 623 875 667 fide
894 636 980 667 non
1000 623 1242 677 abhorreat,
1276 625 1447 668 eosdem
1468 623 1771 677 intelligendos
1790 635 1899 676 esse,

320 700 364 740 et
395 695 468 739 ubi
492 690 789 739 ‘commentarii
818 692 978 747 Nigidii
1009 696 1054 736 et
1083 693 1156 736 ubi
1185 693 1281 736 libri
1319 693 1535 748 Nigidiani
1563 692 1804 742 laudentur,
1833 692 1901 736 vel

321 764 450 809 etiam
480 764 597 807 solus
628 762 841 816 Nigidius.
900 761 1061 803 Verum
1092 766 1170 813 est,
1202 764 1375 815 praeter
1402 761 1482 804 hos
1503 761 1599 804 aliis
1629 772 1799 815 quoque
1828 759 1902 803 Ni-

316 832 421 887 gidii
452 831 572 875 libris
603 844 728 875 usum
758 842 854 875 esse
873 832 1082 884 nostrum,
1114 841 1222 884 quos
1252 832 1403 884 postea
1424 828 1692 878 enumerabo,
1723 828 1797 884 qui
1816 840 1900 873 non

317 901 455 944 minus
486 900 704 944 commode
730 899 1034 952 commentarii,
1066 899 1214 941 eodem
1237 910 1412 952 prorsus
1442 898 1536 942 iure
1565 897 1663 941 libri
1683 896 1901 952 Nigidiani

313 969 385 1012 vel
415 968 584 1011 nomine
616 968 660 1011 P.
691 966 853 1021 Nigidii
893 966 1060 1010 laudari
1091 969 1302 1020 poterant.
1362 967 1495 1021 Atqui
1525 969 1630 1021 puta
1659 968 1901 1010 ceterorum

316 1038 523 1092 cuiusque
553 1037 810 1081 mentionem
841 1048 938 1079 esse
968 1034 1245 1090 singularem,
1290 1047 1413 1078 usum
1444 1035 1579 1089 igitur
1606 1035 1739 1078 multo
1768 1034 1903 1078 rario-

317 1118 420 1148 rem.
480 1105 560 1147 Illo
590 1104 700 1147 libro
731 1107 781 1146 ut
810 1104 913 1145 trito
944 1103 1208 1156 multumque
1241 1106 1410 1145 versato
1442 1101 1705 1157 designando
1736 1093 1901 1146 Gellius

317 1172 600 1226 supersedere
628 1171 843 1215 interdum
873 1174 1063 1224 poterat:
1112 1171 1226 1225 quod
1256 1172 1369 1214 iuste
1399 1171 1663 1224 miraremur,
1695 1171 1731 1213 si
1761 1170 1806 1213 in
1835 1169 1901 1213 his

317 1240 610 1288 commisisset,
646 1251 755 1293 quos
783 1237 1042 1293 primoribus
1071 1238 1142 1280 vix
1171 1237 1301 1281 labris
1331 1238 1489 1292 attigit.

458 1307 820 1352 commentarium
851 1307 1123 1361 Nigidianum
1152 1307 1309 1351 citatur
1339 1306 1418 1351 XV
1444 1305 1483 1360 3,
1516 1304 1556 1360 4,
1588 1319 1640 1351 ex
1668 1318 1753 1362 quo
1781 1305 1902 1351 verbi

321 1375 548 1425 „autumo“
583 1377 884 1430 interpretatio
916 1379 1057 1419 sumta
1087 1379 1167 1419 est.
1228 1375 1347 1419 Haec
1385 1379 1429 1419 et
1469 1388 1579 1430 quae
1608 1378 1756 1419 contra
1785 1375 1900 1430 Nigi-

317 1445 434 1488 dium
465 1444 628 1488 Gellius
659 1444 853 1498 disputat
883 1443 907 1498 ξ
938 1443 1067 1500 5-8,
1106 1456 1236 1499 quum
1273 1444 1452 1488 redeant
1491 1444 1606 1498 apud
1634 1445 1900 1499 Anonymum

317 1513 371 1556 de
400 1512 530 1556 verbo
560 1525 596 1557 c.
631 1513 648 1553 1
685 1511 709 1567 ξ
739 1511 815 1567 22,
856 1513 931 1556 sed
962 1515 1092 1557 aucta
1128 1525 1213 1556 una
1251 1511 1489 1556 affirmandi
1519 1511 1828 1568 significatione
1858 1516 1904 1557 et

318 1582 577 1626 Terentiano
608 1581 823 1641 exemplo,
869 1581 1074 1635 cogitatio
1104 1593 1181 1624 nos
1213 1580 1357 1638 subit¹>
1388 1580 1574 1625 Gellium
1603 1584 1647 1625 et
1675 1581 1794 1626 illum
1822 1583 1903 1632 vel,

318 1650 355 1694 si
384 1650 519 1694 mavis
534 1684 544 1704 ,
585 1650 851 1694 Macrobium
891 1650 932 1695 d.
963 1648 1049 1694 diff.
1081 1649 1196 1693 verb.
1237 1662 1378 1705 graec.
1410 1653 1453 1693 et
1483 1651 1555 1694 lat.
1586 1662 1613 1694 a
1641 1651 1771 1695 tertio
1801 1660 1907 1707 quo-

318 1719 417 1762 dam
462 1721 637 1762 auctore
683 1730 762 1761 sua
801 1721 1030 1773 utrumque
1072 1718 1300 1772 accepisse.
1376 1718 1457 1762 Sed
1503 1719 1695 1763 conicere
1737 1718 1904 1764 facilius

318 1799 447 1841 quam
475 1786 660 1841 probare
680 1787 836 1841 possis.
894 1786 944 1831 L.
964 1786 1068 1831 VIII
1101 1784 1153 1828 14
1184 1788 1227 1830 in
1256 1786 1455 1831 lemmate
1485 1786 1650 1842 (notum
1678 1788 1789 1832 enim
1821 1794 1902 1844 est,

319 1856 460 1899 octavi
488 1855 586 1898 libri
632 1855 691 1897 nil
733 1866 960 1909 superesse
993 1855 1077 1897 nisi
1121 1854 1339 1909 lemmata)
1371 1855 1415 1898 Ρ.
1451 1854 1649 1909 Nigidius
1696 1856 1902 1900 occurrit:

326 1927 482 1978 „atque
513 1922 670 1966 ibidem
711 1934 737 1965 a
766 1922 814 1965 P.
844 1922 1015 1977 Nigidio
1056 1922 1243 1977 origines
1283 1921 1585 1966 vocabulorum
1626 1923 1900 1979 explicatae?

320 1991 440 2044 Quae
473 1995 616 2035 autem
647 1990 808 2034 fuerint
836 2001 889 2034 ea
917 1990 1135 2044 vocabula,
1169 2002 1345 2044 prorsus
1377 1991 1638 2035 nesciremus
1651 2025 1661 2045 ,
1693 1992 1776 2036 nisi
1807 2005 1907 2039 con<—

319 2062 482 2105 iectura
523 2072 570 2103 se
611 2058 786 2103 offerret
822 2059 922 2102 olim
962 2059 1046 2103 iam
1087 2060 1320 2113 proposita.
1381 2059 1444 2104 Cf.
1475 2060 1506 2103 Ι.
1546 2059 1594 2103 F.
1636 2060 1823 2104 Gronov.
1861 2065 1906 2106 et

320 2128 527 2172 Oiselium
558 2128 612 2171 ad
644 2127 753 2172 Gell.
782 2127 928 2171 XVIII
959 2125 986 2167 4
1017 2131 1103 2171 not.
1142 2127 1202 2170 15.
1261 2128 1355 2172 Hoc
1385 2128 1497 2172 enim
1525 2127 1619 2172 loco
1648 2141 1799 2173 vocum
1829 2142 1904 2174 va-

320 2208 401 2239 nus
431 2200 475 2238 et
504 2195 687 2239 stolidus
719 2196 905 2249 origines
935 2208 961 2240 a
991 2195 1165 2250 Nigidio
1187 2196 1421 2249 explicatas
1451 2199 1600 2240 noster
1623 2197 1907 2243 reminiscitur

318 2277 366 2308 se
395 2264 481 2308 iam
511 2267 640 2307 antea
681 2264 878 2308 noctibus
919 2264 1075 2309 Atticis
1115 2264 1324 2308 intulisse.
1384 2264 1433 2308 In
1462 2264 1572 2308 libro
1610 2269 1753 2310 tamen
1782 2265 1909 2316 nobis

318 2334 470 2377 relicto
500 2332 662 2376 nullum
692 2333 922 2389 vestigium
952 2334 1225 2388 conspicuum
1256 2337 1345 2387 est,
1392 2334 1474 2378 nisi
1504 2333 1577 2378 illo
1613 2334 1658 2378 in
1693 2334 1906 2379 lemmate.

319 2402 479 2454 Quodsi
510 2401 566 2445 ad
596 2401 709 2446 hunc
737 2401 876 2445 locum
907 2401 1072 2446 Gellius
1097 2402 1337 2456 respexisse
1356 2402 1536 2457 videtur,
1567 2415 1618 2446 ex
1647 2402 1794 2447 eodem
1822 2402 1908 2447 No-

320 2471 417 2514 nius
448 2470 630 2514 forsitan
659 2469 767 2514 lucri
798 2469 958 2525 aliquid
987 2469 1138 2515 fecerit
1167 2483 1209 2525 p.
1237 2468 1320 2512 282
1350 2470 1391 2514 b.
1422 2482 1455 2514 s.
1476 2483 1514 2515 v.
1546 2482 1695 2526 vanus,
1726 2470 1801 2516 ubi
1831 2470 1908 2516 hu·

317 2540 387 2584 ius
417 2542 535 2583 certe
566 2538 910 2595 significationis,
957 2551 1045 2593 qua
1075 2552 1157 2583 vox
1184 2538 1260 2583 illa
1299 2538 1530 2583 secundnm
1562 2538 1781 2594 Nigidium
1811 2544 1906 2586 ute-

318 2609 460 2662 batur,
492 2608 627 2652 multa
657 2608 850 2663 exempla
894 2606 1033 2652 affert.
1081 2607 1144 2653 Cf.
1171 2608 1287 2652 Serv.
1319 2610 1373 2651 ad
1403 2608 1509 2652 Aen.
1540 2607 1602 2652 XI
1632 2608 1737 2663 715;
1767 2608 1812 2654 Π
1840 2607 1908 2651 80.

319 2677 465 2722 Verba
496 2690 549 2722 ex
578 2677 815 2732 Nigidianis
854 2678 1137 2733 transscripta
1168 2681 1269 2723 sunt
1304 2678 1366 2722 IX
1408 2676 1471 2732 12,
1505 2675 1530 2719 6
1561 2678 1614 2723 de
1642 2690 1682 2723 v.
1713 2678 1908 2725 infestus.

320 2748 485 2793 Gellius
517 2748 734 2803 congessit
764 2749 958 2804 exempla
986 2748 1309 2805 vocabulorum,
1355 2760 1466 2804 quae
1505 2748 1640 2794 active
1676 2749 1827 2795 eadem
1856 2761 1907 2795 ac
