2098 3256
776 170 1093 216 -101-

467 342 744 422 Auctores
791 340 860 419 A.
910 341 1071 420 Gellii
1118 341 1407 446 aequales,

282 494 371 538 Iam
400 495 455 539 ad
485 506 559 539 eos
597 495 902 550 transgredior,
949 495 1022 550 qui
1057 495 1256 549 aequales
1292 495 1417 539 Gellii
1456 496 1495 540 ei
1536 496 1602 539 vel
1632 508 1722 539 ser·

0 550 25 639 Ξ
70 580 71 583 ’
144 562 340 607 monibus
384 564 451 606 vel
497 576 574 617 per
619 557 874 607 severiorem
920 564 1185 617 disciplinam
1230 564 1432 607 nonnulla
1470 564 1723 617 suppedita-

145 634 308 674 verunt.
369 631 484 684 Quos
516 632 615 686 quia
644 630 736 675 fieri
765 644 849 675 non
871 632 1042 686 poterit,
1072 635 1121 675 ut
1151 644 1296 675 omnes
1317 633 1546 676 secundum
1566 632 1722 677 aetatis

144 697 368 743 intervalla
409 699 568 743 minuta
609 704 653 743 et
693 712 842 754 parum
882 703 983 743 n'ota
1018 700 1260 754 disponam,
1305 712 1453 743 rursus
1483 700 1722 744 litterarum

144 766 291 816 ordine
322 768 492 822 prodire
521 768 684 812 iubebo.
746 768 894 823 Neque
924 781 998 812 eos
1029 768 1082 812 ab
1112 767 1194 811 hac
1224 767 1317 822 lege
1348 769 1574 822 excipiam,
1617 781 1720 824 quo-

61 865 64 867 -
144 848 237 880 rum
267 849 398 891 quum
427 837 524 880 viva
554 849 656 880 voce
688 837 858 890 saepius
889 836 1104 880 frueretur
1143 836 1319 890 GelliuS,
1350 837 1561 880 interdum
1593 838 1722 880 etiam

142 903 275 948 libros
305 905 349 948 in
379 917 503 948 usum
531 905 750 959 convertit,
782 909 831 948 ut
861 905 1036 959 Sulpicii
1058 905 1315 959 Apollinaris
1346 908 1390 948 et
1419 904 1604 949 fortasse
1635 906 1720 948 An·

143 972 248 1015 tonii
278 973 441 1016 Iuliani.
502 973 565 1016 De
597 975 849 1027 scriptorum
880 974 1005 1028 locis,
1037 974 1110 1028 qui
1141 985 1442 1027 nonnunquam
1472 975 1578 1016 mire
1600 972 1721 1016 multi

142 1040 503 1096 disputationibus
542 1041 692 1085 inserti
723 1045 842 1096 sunt,
888 1042 1225 1096 praeiudicatum
1255 1053 1385 1095 supra
1426 1045 1491 1085 est
1535 1041 1588 1084 de
1628 1053 1719 1084 ser·

140 1109 334 1153 monibus
365 1109 388 1164 ξ
417 1110 452 1150 7.
514 1110 661 1165 Neque
691 1112 823 1164 igitur
852 1105 1117 1165 suspiciones
1159 1121 1266 1164 opus
1298 1109 1381 1152 erit
1421 1110 1592 1163 iterem,
1637 1109 1719 1152 nisi

140 1176 213 1222 ubi
243 1178 400 1222 certius
431 1178 630 1233 quiddam
660 1178 860 1223 affirmari
891 1179 1091 1233 potuerit.

730 1318 808 1365 43.
870 1317 1124 1364 Annianus.

276 1417 409 1470 Quem
450 1430 534 1462 non
572 1418 671 1462 licet
712 1419 952 1462 accuratius
992 1418 1217 1472 designare
1259 1429 1386 1472 quam
1424 1416 1588 1460 Gellius
1617 1414 1719 1460 fecit

138 1485 199 1530 VI
230 1486 275 1529 7:
318 1487 561 1541 „Annianus
592 1491 718 1542 poeta
757 1493 931 1542 praeter
970 1488 1129 1542 ingenii
1162 1488 1446 1530 amoenitates
1476 1487 1719 1530 litterarum

142 1567 335 1610 „quoque
364 1560 557 1601 veterum
599 1561 641 1600 et
677 1558 891 1601 rationum
928 1558 973 1600 in
1012 1557 1168 1600 litteris
1210 1555 1365 1609 oppido
1396 1567 1524 1610 quam
1554 1555 1718 1609 peritus

140 1618 246 1679 „fuit
276 1629 321 1669 et
350 1626 713 1670 sermocinabatui
742 1627 850 1670 mira
882 1626 1066 1681 quadam
1097 1629 1141 1669 et
1171 1637 1229 1669 sci
1221 1626 1280 1668 ta
1309 1623 1560 1669 suavitatef‘
1609 1623 1717 1667 Erat

134 1693 269 1748 igitur
296 1696 448 1749 poeta,
498 1695 667 1739 deditus
704 1695 831 1738 etiam
867 1694 1154 1749 grammaticis
1194 1692 1349 1737 studiis
1394 1696 1439 1736 et
1480 1691 1721 1741 familiaris,

121 1764 186 1806 ut
213 1774 344 1817 supra
373 1763 530 1808 dictum
562 1767 641 1819 est,
684 1764 841 1808 Valerii
873 1764 1012 1807 Probi.
1071 1763 1222 1818 Itaque
1253 1774 1364 1817 quae
1393 1761 1453 1806 VI
1484 1762 1509 1803 7
1545 1761 1570 1817 ξ
1607 1760 1716 1802 1-5

134 1829 327 1885 disputat
355 1832 408 1875 de
437 1831 618 1885 affatim,
667 1833 892 1876 admodum
921 1836 1038 1876 recte
1070 1831 1415 1886 pronuntiandis,
1456 1831 1717 1875 auctoritate

41 1902 48 1907 '‘
133 1900 330 1944 nitunt-ur
349 1900 491 1955 Probi,
521 1913 645 1956 quem
676 1902 729 1945 de
759 1900 920 1945 affatim
940 1906 1094 1945 testem
1123 1901 1272 1944 laudat
1300 1899 1324 1955 ξ
1347 1898 1386 1944 3.
1437 1899 1589 1954 Neque
1618 1899 1716 1952 alia,

133 1968 302 2022 opinor,
348 1969 536 2013 condicio
572 1974 639 2014 est
668 1982 833 2025 eorum,
879 1982 990 2024 quae
1024 1970 1085 2013 IX
1131 1968 1182 2010 10
1218 1969 1271 2012 de
1305 1968 1483 2022 Vergilii
1523 1968 1616 2012 loeo
1647 1979 1717 2011 ex-

132 2036 350 2080 istimavit.
408 2037 491 2082 Ubi
523 2038 688 2082 Probus
728 2042 880 2082 auctor
909 2038 1106 2092 princeps
1138 2049 1268 2091 supra
1306 2036 1443 2079 latere
1472 2035 1575 2079 mihi
1595 2036 1714 2078 visus

133 2108 201 2149 est
239 2104 293 2148 de
332 2105 472 2150 Probo
513 2107 678 2150 dicenti.
737 2106 848 2151 Num
877 2119 979 2151 vero
1019 2108 1238 2150 Annianus
1274 2108 1405 2161 atque
1444 2105 1573 2149 etiam
1613 2103 1713 2148 Pro-

132 2174 211 2219 bus
239 2176 507 2231 respexerint
536 2177 590 2220 ad
620 2176 857 2221 Cornutum
889 2190 924 2221 c.
960 2176 1012 2218 10
1042 2175 1208 2231 §.a—6,
1237 2176 1281 2219 in
1311 2174 1440 2219 dubio
1469 2172 1713 2228 relinquen-

132 2244 232 2292 dum
262 2248 340 2288 est.
372 2268 426 2275 —
456 2246 536 2288 XX
566 2245 593 2288 8
623 2246 694 2289 ubi
733 2258 882 2290 rursus
920 2247 1106 2291 occurrit
1146 2245 1391 2299 AnnianuS,
1439 2256 1523 2287 non
1552 2242 1607 2286 ad
1635 2254 1711 2285 no·

101 2332 104 2335 ¹
131 2315 264 2371 stram
293 2325 465 2358 causam
494 2315 696 2369 pertinet.
1623 2311 1627 2314 ’

600 2452 678 2501 44.
745 2453 980 2502 Antonius
1017 2451 1238 2501 Iulianus

267 2554 334 2608 De
362 2566 412 2597 eo
443 2554 543 2598 audi
573 2553 757 2598 Gellium
788 2554 809 2597 Ι
839 2552 884 2595 4:
936 2554 1168 2608 „Antonius
1208 2553 1398 2596 Iulianus
1435 2551 1586 2596 rhetor
1614 2564 1711 2607 per·

135 2632 285 2678 „quam
314 2620 397 2667 fuit
425 2621 593 2667 honesti
623 2625 751 2679 atque
780 2621 948 2667 amoeni
977 2618 1157 2677 ingenii‘
1193 2634 1227 2665 e.
1251 2633 1292 2676 q.
1314 2632 1348 2665 s.
1407 2620 1474 2664 Ex
1503 2620 1714 2676 Hispania

129 2693 272 2746 ortum
303 2703 403 2734 eum
433 2692 537 2735 dicit
565 2692 667 2735 XIX
697 2688 736 2745 9,
770 2691 808 2744 7,
841 2691 1092 2744 magistrum
1124 2690 1254 2733 Gellii
1283 2689 1418 2733 fuisse
1449 2693 1630 2743 apparet
1660 2702 1712 2733 ex

127 2755 150 2801 1
180 2756 220 2813 4,
249 2755 289 2802 8.
349 2759 627 2804 Praemittam
653 2761 804 2816 locum,
836 2759 908 2816 qui
939 2758 1035 2803 libri
1066 2759 1158 2804 eius
1189 2771 1313 2804 usum
1334 2758 1535 2814 ostendit,
1566 2770 1713 2814 quam-

129 2839 257 2884 quam
296 2827 455 2882 ambigi
503 2841 630 2883 posse
674 2828 898 2874 Mercklini
935 2829 1171 2885 exemplum
1199 2829 1336 2874 docet.
1395 2827 1539 2874 XVIII
1568 2826 1593 2868 5
1621 2827 1712 2871 An·
