2098 3261
971 116 1143 163 ...54
1202 144 1254 152 ..-

311 239 401 286 Nec
448 250 517 283 me
563 237 704 283 iudice
752 240 976 284 auctorum
1021 236 1045 293 ἓ
1098 235 1114 278 l
1163 202 1434 282 laudatorum
1483 248 1738 294 quemquam
1791 237 1895 283 alie·-

311 321 394 432 ῗὲο
414 307 851 431 Ιοῖἰςὲηἰξῖίιέιέἱοῗτθ
896 305 1103 359 debebat,
1149 318 1201 349 ne
1234 306 1426 350 Servium
1466 306 1637 361 quidem
1666 305 1899 353 Claudium.

449 467 679 511 Librorum
719 467 781 510 de
816 479 871 510 re
906 466 1121 510 rustica
1159 465 1347 509 studium
1378 465 1632 520 ostendunt,
1678 465 1755 521 qui
1781 466 1902 524 iertil

218 551 222 553 ·
311 535 410 580 libri
448 535 530 579 loci
569 534 802 579 laudantur
839 535 952 588 apud
983 534 1169 578 Gellium
1199 534 1241 576 II
1272 531 1327 574 20
1360 533 1383 586 ξ
1421 534 1456 587 1,
1489 532 1528 587 7,
1558 531 1601 575 9.
1658 532 1798 588 Magis
1836 536 1902 582 ta-

313 616 411 647 men
441 604 495 647 ad
525 603 838 663 appellationes
868 603 1054 646 rusticas
1086 602 1413 657 cognoscendas,
1445 614 1577 657 quam
1610 602 1746 657 ipsam
1776 601 1902 646 disci·

312 672 484 726 plinam·
501 671 815 727 percipiendam
846 670 1094 715 adhibuisse
1122 670 1303 714 videtur.

438 763 635 819 Denique
652 816 653 819 Ἰ
669 762 771 818 quia
801 760 1027 806 Ritschelii
1058 760 1312 817 quibusdam
1345 761 1602 809 coniecturis
1641 761 1733 807 loco
1762 760 1898 808 inter·

317 832 458 879 dicere
487 832 618 885 nolui,
650 830 762 875 addo
794 831 923 881 etiam
955 830 1111 873 libros:

727 897 845 956 περὶ
873 897 1251 956 χαρακτήρων,

729 966 791 1009 de
826 967 1166 1020 proprietate
1204 966 1538 1020 scriptorum,

311 1037 366 1078 de
397 1034 551 1089 quibus
570 1033 697 1078 velim
724 1034 982 1088 memineris,
1015 1046 1128 1088 quae
1153 1034 1365 1089 disputavi
1390 1046 1431 1088 p.
1452 1031 1518 1075 49.
1541 1055 1594 1064 --
1625 1034 1797 1089 Reliqui
1816 1034 1900 1080 duo

309 1103 394 1147 loci
424 1107 536 1157 sunt,
568 1116 676 1159 quos
707 1108 824 1147 cert-o
853 1103 963 1147 libro
994 1104 1215 1157 assignare
1247 1116 1329 1147 non
1359 1104 1495 1158 potui.
1553 1103 1615 1147 IX
1638 1101 1678 1158 9,
1713 1102 1765 1145 10
1802 1116 1900 1158 „au—

315 1175 457 1225 „ctore
498 1172 609 1215 enim
639 1172 835 1215 Varrone
874 1172 912 1214 is
952 1172 1123 1215 demum
1162 1172 1294 1215 latine
1327 1183 1463 1225 >caper
1502 1171 1682 1225 dicitur,
1727 1172 1801 1227 qui
1831 1183 1900 1216 ex-

314 1242 553 1296 „castratus
583 1240 686 1285 est.“
751 1240 913 1286 Locum
943 1241 1214 1296 aliquatenus
1244 1241 1425 1285 similem
1455 1242 1646 1286 servavit
1675 1240 1901 1286 Charisius

309 1322 351 1362 p.
382 1306 439 1349 80
468 1309 516 1352 Ρ.
552 1307 644 1361 103,
684 1306 739 1349 26
770 1309 822 1352 Κ.
887 1309 1050 1363 ¹,Varro
1089 1309 1141 1352 de
1171 1321 1367 1352 sermone
1402 1309 1557 1352 latino:
1602 1309 1779 1363 iterum,
1827 1309 1903 1356 ait,

317 1389 394 1432 „ex
422 1377 536 1431 gallo
567 1376 803 1431 gallinaceo
835 1381 1025 1423 castrato
1055 1376 1107 1422 fit
1136 1376 1304 1431 capus.“
1369 1377 1434 1421 De
1478 1390 1562 1433 quo
1609 1378 1915 1423 coniecturam·

311 1444 455 1489 facere
486 1445 541 1488 ad
571 1448 779 1493 nostrum,
810 1458 940 1500 quum
970 1446 1016 1493 in
1046 1444 1133 1488 alio
1164 1448 1338 1489 auctore
1367 1445 1652 1500 periculosum
1682 1448 1813 1500 esset,
1858 1445 1902 1490 in

309 1513 503 1558 Varrone
548 1525 672 1557 nemo
719 1513 907 1557 audebit.
966 1513 1112 1558 XVIII
1144 1511 1191 1564 9,
1233 1512 1260 1554 4
1301 1514 1403 1557 item
1433 1514 1638 1558 Varronis
1682 1514 1900 1560 sententia

311 1580 490 1624 affertur
519 1581 612 1623 sine
641 1575 764 1634 libro,
797 1593 924 1635 quem
953 1585 1100 1627 tamen
1131 1594 1185 1625 an
1206 1580 1369 1625 Gellius
1399 1581 1493 1636 ipse
1522 1582 1566 1624 in
1597 1576 1794 1625 manibus
1824 1581 1901 1629 ha-

312 1649 480 1704 buerit,
525 1660 689 1692 summo
732 1661 864 1703 opere
904 1648 1066 1693 dubito.
1127 1649 1236 1693 Nolo
1268 1661 1317 1693 eo
1349 1649 1469 1694 abuti
1500 1653 1771 1705 argumento,
1816 1662 1900 1694 non

310 1719 450 1773 ipsum
482 1716 667 1764 Gellium
695 1717 800 1763 haec
829 1718 993 1774 dicere,
1039 1720 1115 1763 sed
1145 1731 1270 1774 quem
1301 1718 1338 1763 is
1370 1719 1579 1763 dicentem
1602 1718 1779 1773 fecerit,
1821 1718 1901 1763 do-

311 1798 425 1831 ctum
457 1786 670 1842 quendam
702 1786 927 1831 hominem.
988 1788 1073 1832 Sed
1114 1801 1141 1832 a
1170 1788 1293 1833 Velio
1334 1789 1484 1844 Longo
1530 1788 1686 1833 ibidem
1725 1787 1901 1840 laudato

312 1855 522 1900 Varronis
569 1856 825 1900 mentionem
868 1859 1031 1911 repeto.
1091 1858 1157 1900 Ad
1201 1869 1340 1912 quem,
1385 1857 1451 1902 vel
1498 1858 1535 1901 si
1576 1858 1900 1912 grammaticum

310 1936 465 1973 nexum
493 1924 764 1979 respicimus,
797 1937 849 1970 ea
878 1923 1042 1972 referre
1071 1937 1317 1979 possumus,
1351 1925 1418 1973 vel
1448 1926 1484 1969 si
1515 1925 1654 1969 minus
1685 1925 1729 1986 id
1758 1924 1902 1980 placet

311 2016 369 2026 --
399 1995 545 2047 potest
575 1993 687 2037 euim
717 1992 771 2036 de
800 1992 894 2037 loco
924 1993 1103 2037 iudicari
1134 1993 1329 2038 bifariam
1368 2016 1422 2023 -
1460 2006 1555 2037 eum
1584 1994 1791 2040 Varronis
1821 2005 1899 2045 w*

312 2061 515 2110 ctoritate
545 2072 593 2104 se
623 2061 781 2104 tuitum
811 2073 921 2116 esse,
951 2062 1066 2105 ultro
1097 2062 1351 2105 coniectare.

449 2151 542 2195 Iam
582 2150 814 2196 subsistam
850 2152 894 2196 in
935 2150 1156 2197 efficienda
1192 2153 1485 2197 Varronianae
1526 2153 1746 2197 doctrinae
1785 2153 1900 2208 apud

312 2220 499 2265 Gellium
527 2220 719 2278 reliquae
750 2222 969 2277 imagine3·
989 2221 1221 2266 subsistam
1250 2224 1408 2275 autem,
1438 2234 1523 2267 non
1552 2234 1638 2278 quo
1668 2220 1899 2278 perfectam

310 2303 408 2336 esse
428 2291 590 2346 opiner,
622 2291 699 2335 sed
728 2291 830 2346 quia
859 2291 913 2335 ad
943 2291 1236 2346 complendam
1267 2304 1360 2335 eam
1390 2291 1551 2335 auxilia
1581 2304 1659 2336 nos
1684 2289 1898 2347 >deficiunt-

311 2358 664 2414 Quandoquidem
696 2360 733 2403 si
764 2371 910 2403 omnes
938 2359 1145 2404 Varronis
1174 2358 1307 2403 libros
1337 2360 1595 2414 superstites
1624 2358 1798 2405 fortuna
1827 2371 1900 2404 vo·

310 2428 475 2482 luisset,
507 2427 642 2471 multo
674 2440 767 2472 eam
798 2428 1034 2472 auctiorem
1063 2423 1251 2471 futuram
1281 2426 1415 2471 fuisse
1445 2427 1656 2472 existimo.
1716 2443 1721 2446 ·

766 2543 841 2592 15.
902 2543 955 2592 P.
993 2543 1211 2603 Nigidius
1247 2543 1458 2603 Figulus.

450 2633 489 2676 A
518 2633 714 2679 Varrone
746 2632 801 2677 ad
833 2632 1042 2677 neminem
1060 2631 1227 2677 facilior
1257 2635 1325 2677 est
1351 2631 1560 2677 transitus
1580 2644 1707 2688 quam
1739 2633 1795 2678 ad
1824 2632 1898 2679 Ni·
1934 2602 1939 2605 Ι

311 2702 489 2760 gidium,
521 2702 611 2749 sive
641 2704 831 2752 aetatem
870 2704 1114 2756 spectamus
1155 2701 1244 2746 sive
1284 2701 1535 2757 dignitatem
1577 2701 1899 2751 auctoritatem·

312 2783 408 2827 que.
468 2771 596 2826 Apud
618 2769 803 2815 Gellium
834 2770 870 2814 si
900 2781 1033 2825 supra
1061 2768 1290 2825 primarias
1312 2769 1584 2821 auctoritatis
1614 2773 1762 2826 umes
1780 2769 1898 2824 'Var-
