2098 3243
910 90 1196 134 -24-

260 227 348 260 non
375 214 517 259 minus
546 213 739 269 potuisse
767 210 975 256 oblivisci.
1033 210 1310 266 Negligentia
1333 209 1518 266 quadam
1549 208 1760 255 accidere
1770 211 1866 272 pqr.

262 284 369 339 tuit,
401 286 461 337 ut,
492 294 618 338 quem
647 292 778 336 supra
806 279 1091 326 disserentem
1119 279 1304 330 fecerat,
1335 280 1428 324 eius
1456 278 1610 334 postea
1636 277 1857 334 ratim

262 365 349 397 non
376 350 577 396 haberet:
623 348 772 393 eadem
799 347 1099 403 negligentia
1102 350 1250 392 ¹semet
1288 348 1427 403 ipsum
1465 357 1602 391 vanae
1639 346 1780 402 opini

264 423 484 467 auctorem
502 416 694 474 profiteri
713 416 921 473 potuisse,
954 430 1085 474 quum
1105 429 1259 463 revera
1277 416 1516 462 Favorinus
1535 414 1703 474 fixisset,
1732 413 1871 471 nullo,

264 493 389 545 pacto
418 487 608 542 adducor
634 490 685 531 ut
714 486 899 531 credam.
961 487 1141 532 Omnino
1182 490 1326 531 autem
1364 486 1490 531 nimis
1527 484 1820 540 religiosum·
1805 496 1856 537 m

264 555 479 602 mutandis
508 554 774 599 sermonibus
805 554 899 610 [non
940 556 1076 600 fuisse
1116 560 1332 611 nostrum,
1376 555 1460 607 hoe
1486 547 1692 609 exemplo
1707 552 1855 608 doceri
1880 554 1888 563 ³

265 637 505 682 possumus.
562 624 613 668 L.
656 623 761 668 XIX
799 621 840 679 8,
882 623 909 667 6
939 625 1075 669 Poeta
1116 625 1288 682 quidam
1329 625 1479 669 doctus
1517 622 1728 679 loquitur:
1773 620 1856 678 „de

265 692 427 747 caelo“‚
466 691 620 747 inquit,
666 695 741 746 „et
769 692 913 737 tritico
944 706 1030 737 non
1059 692 1218 737 infit-ias
1249 706 1321 743 eo,
1355 693 1457 748 quin
1485 692 1655 747 singulo
1684 698 1859 751 semper

267 773 470 817 „numero
501 759 681 805 dicenda
710 760 800 805 sint
830 794 1026 817 ........
1057 762 1294 806 videbimus
1326 764 1469 806 autem
1500 764 1600 816 post
1628 760 1681 805 de
1710 759 1853 805 inimi-

265 830 407 886 „citiis
437 833 481 874 et
511 827 772 885 quadrigis.“
833 830 1046 885 Deinceps
1087 830 1199 875 idem
1228 830 1355 876 haec:
1403 831 1493 886 „Ac
1529 829 1779 874 fortassean.
1800 827 1855 873 de

267 899 519 955 „quadrigis
559 902 752 944 veterum
796 899 1043 944 auctoritati
1083 895 1362 944 concessero“
1393 900 1486 944 rell.
1544 899 1613 943 Ita
1642 898 1855 943 disserens

267 967 338 1013 ille
370 968 501 1012 etiam
531 967 584 1011 de
615 967 826 1023 quadriga
847 967 1122 1022 singulariter
1142 968 1256 1012 dicta
1277 968 1492 1022 desperat.
1530 967 1581 1011 In
1604 965 1689 1010 fine
1709 968 1853 1011 autem

266 1037 420 1093 capitis
460 1036 483 1092 ξ
519 1036 569 1077 17
609 1036 704 1090 ipse
743 1034 910 1079 Gellius
950 1036 1182 1091 gloriatur,
1230 1049 1277 1080 se
1317 1035 1555 1090 exemplum
1583 1033 1856 1090 indagavisse

265 1106 392 1150 huius
423 1104 539 1149 vocis
569 1102 778 1157 singulari
808 1115 986 1146 numero
1018 1104 1336 1158 pronuntiatae.
1395 1103 1583 1147 Primum
1617 1102 1751 1156 igitur
1778 1112 1854 1146 no-

267 1178 378 1228 ster,
422 1172 458 1215 si
490 1170 592 1225 quid
621 1169 766 1219 video,
813 1170 1050 1226 quadrigae
1088 1183 1260 1226 quoque
1299 1170 1404 1214 illud
1435 1170 1672 1225 exemplum
1701 1172 1867 1225 poetae

266 1239 495 1287 disserenti
525 1237 717 1284 tribuere
746 1237 913 1289 voluit;
944 1239 1022 1302 sed
1043 1239 1133 1285 sive
1163 1239 1289 1285 huius
1310 1239 1470 1285 inventi
1492 1240 1673 1297 gloriam
1701 1238 1763 1284 illi
1792 1238 1857 1284 in·

266 1309 450 1364 videbat,
491 1309 582 1356 sive
612 1311 744 1362 caput
774 1308 836 1352 sic
866 1309 1017 1353 melius
1034 1310 1316 1354 conditurum
1345 1322 1393 1354 se
1408 1321 1521 1354 *esse
1550 1307 1856 1371 arbitrabatur,

267 1378 359 1434 ille,-
390 1377 505 1434 quod
534 1375 755 1433 pollicitus
788 1381 902 1433 erat,
932 1381 1125 1434 recusat,
1166 1382 1210 1423 et
1241 1378 1406 1423 Gellius
1438 1378 1531 1433 ipse
1559 1378 1764 1423 lectorem
1792 1377 1858 1422 in·

270 1450 445 1502 sperato
475 1444 631 1500 gaudio
662 1443 809 1489 afficit.
871 1446 1161 1501 Reperiuntur
1181 1446 1365 1501 denique
1385 1458 1606 1508 sermones
1636 1445 1690 1490 ob
1721 1457 1861 1490 exem·

261 1515 438 1574 *plorum
469 1513 786 1558 multitudinem
814 1517 891 1559 aut
919 1515 1128 1560 minutam
1158 1528 1301 1560 rerum
1331 1515 1528 1559 notitiam
1549 1514 1859 1570 quadamtenus

269 1585 471 1639 suspecti.
531 1582 752 1631 Audimus,
772 1584 883 1628 enim
924 1596 1233 1639 saepenumero
1273 1584 1562 1639 disputantem
1592 1583 1775 1638 aliquem
1804 1583 1882 1631 de<

268 1664 319 1698 re
347 1652 493 1708 aliqua
522 1652 824 1706 grammatica:
870 1665 983 1708 quae
1013 1666 1097 1708 quo
1127 1653 1266 1708 magis
1298 1653 1481 1698 obscura
1511 1655 1605 1696 erat
1634 1655 1680 1696 et
1708 1651 1860 1697 abhor-

269 1720 394 1766 rebat
421 1718 477 1764 ab
506 1731 589 1763 usu
614 1719 797 1774 vulgari,
829 1733 880 1765 eo
911 1720 1143 1776 optabilius
1166 1724 1273 1775 erat,
1305 1727 1354 1764 ut
1384 1720 1590 1775 exemplis
1609 1720 1859 1770 muniretur.

270 1791 424 1846 Itaque
464 1801 568 1832 sane
611 1801 740 1844 quam
783 1789 1095 1834 admirabiliter
1134 1790 1215 1834 viri
1259 1789 1321 1833 illi
1361 1789 1493 1839 docti,
1539 1788 1693 1845 quibus
1733 1800 1860 1836 aures

270 1860 426 1904 noster
449 1857 662 1913 praebuit,
694 1858 798 1903 licet
817 1857 1068 1914 plerumque
1098 1872 1151 1904 ex
1181 1859 1404 1905 occasione
1423 1858 1603 1903 fortuita
1631 1858 1863 1913 disserant,-

273 1929 530 1982 depromunt
549 1926 747 1981 expedite
769 1929 1031 1982 opipareque
1052 1926 1275 1972 effundunt
1293 1927 1435 1971 varios
1456 1926 1712 1982 scriptorum
1731 1926 1863 1971 locos.-

273 1994 403 2040 Velut
431 1994 459 2039 l.
489 1994 596 2039 XIII
624 1993 681 2039 25
712 1994 951 2040 Favorinus
991 2009 1018 2040 a
1058 1996 1311 2051 quaestione
1352 1995 1535 2051 quadam
1571 1994 1779 2050 singulari
1808 1994 1863 2040 ad

273 2077 400 2108 usum
429 2064 689 2117 scriptorum
728 2064 1008 2108 coacervandi
1050 2076 1282 2119 synonyma
1323 2064 1578 2118 digreditur.
1640 2063 1721 2106 Per
1753 2062 1863 2107 hanc

276 2135 422 2177 autem
451 2131 801 2187 disputationem,
832 2131 869 2175 si
899 2131 956 2176 ad
986 2130 1169 2176 calculos
1199 2144 1412 2186 vocamuS,
1446 2144 1499 2176 ex
1527 2129 1665 2175 tribus
1696 2130 1864 2176 Cicero·

275 2200 341 2243 nis
371 2198 652 2252 orationibus,
685 2196 865 2242 totidem
897 2198 1086 2248 Catonis,
1117 2212 1168 2243 ex
1198 2198 1498 2260 Aristophanis
1527 2199 1747 2243 comoedia
1776 2200 1860 2243 sin-

277 2267 425 2323 gulos,
470 2267 717 2312 innumeros
755 2269 983 2323 praeterea
1020 2267 1197 2313 Homeri
1236 2268 1351 2312 locos
1390 2267 1616 2323 congessit.
1675 2267 1798 2321 Quod
1820 2268 1865 2313 si

279 2336 424 2381 divina
451 2337 527 2381 illa
546 2337 749 2382 Favorini
768 2337 987 2393 memoria,
1019 2351 1129 2394 quae
1160 2337 1183 2394 §
1205 2338 1230 2380 5
1263 2341 1309 2383 et
1336 2337 1433 2383 aliis
1457 2337 1563 2382 locis
1585 2336 1856 2393 praedicatur

279 2405 480 2460 explicari
512 2418 639 2461 posse
660 2407 739 2462 ais,
769 2419 848 2451 nec
869 2419 979 2451 unus
999 2407 1239 2452 Favorinus
1260 2407 1374 2463 apud
1400 2405 1584 2451 Gellium
1605 2406 1747 2450 extitit
1774 2408 1865 2451 tam

276 2475 502 2529 praeclara
530 2476 734 2520 memoria
764 2477 1010 2532 praeditus,
1057 2480 1101 2521 et
1138 2480 1278 2523 restat
1318 2479 1462 2521 tamen
1500 2475 1586 2520 alia
1622 2473 1864 2519 difficultas.

280 2542 408 2586 Nullo
441 2543 552 2587 enim
579 2544 672 2588 loco
704 2548 864 2596 noster,
897 2546 1011 2601 quod
1039 2546 1317 2601 meminerim,
1347 2545 1499 2599 innuit,
1529 2556 1577 2589 se
1606 2543 1723 2598 haec,
1755 2555 1864 2600 quae

279 2611 471 2666 audiret,
512 2611 557 2654 in
587 2612 681 2666 ipsa
721 2613 1009 2668 disputatione
1047 2614 1214 2660 schedis
1245 2614 1524 2669 consignare:
1569 2612 1632 2657 ita
1660 2612 1722 2657 rei
1752 2604 1866 2657 sumss

278 2691 392 2725 mam
421 2679 630 2725 memoria
660 2682 808 2726 tenere
838 2681 960 2728 facile
991 2684 1144 2740 potuit,
1176 2682 1345 2740 singula
1379 2684 1522 2727 autem
1547 2680 1621 2727 illa
1649 2684 1695 2727 et
1722 2681 1866 2728 lacera

278 2751 392 2796 iuste
421 2749 678 2796 miraremur
707 2750 744 2794 si
774 2750 906 2796 semel
942 2752 1088 2798 audita
1118 2756 1207 2798 tam
1225 2750 1471 2797 memoriter
1488 2753 1717 2796 servasset.
1747 2750 1865 2802 Pro-

2020 0 2028 9 x

2020 33 2024 40 .

2014 38 2066 80 *³2

2095 83 2098 94 i

2031 228 2066 242 351!

2026 242 2067 258 ⁷222,

2010 299 2073 318 ¹

2011 319 2023 329 ³
2031 317 2061 340 ᾆξ’),

2017 382 2019 384 ,
2041 367 2071 390 ¹3³.

2018 469 2083 486 :QRJ
2096 477 2098 480 ι

2031 483 2098 515 ἑξὲῗῖ,

2014 547 2098 577 &uit—,iffi

2023 577 2085 597 ἔζη-Γ
2096 579 2098 582 ·

2030 605 2047 613 Γ
2066 611 2068 613 .

2024 607 2070 650 ιε’,ῗκῒ
2081 617 2098 639 ’ῑ

2013 875 2023 880 .,
2039 885 2042 887 .
2050 866 2077 903 ’ἲς

2038 971 2097 1011 ²⁸12}

2040 1007 2065 1026 κε.
2076 1010 2080 1017 ἰ
2090 1016 2098 1024 -,

2039 1026 2083 1050 ἰζ’ἑῇ

2010 1087 2022 1098 .-
2035 1021 2098 1097 ww}

2085 1157 2098 1180 31

2046 1183 2058 1213 J
2075 1183 2098 1215 ft}-

2059 1215 2098 1239 ’Ἰ

2089 1246 2098 1273 :¹
