3494 4741
625 127 657 138 ”
793 344 826 400 ‚
876 382 894 394 ,
1097 261 1338 481 e}
1451 255 2719 483 Contents

60 586 184 715 1.
253 583 1395 727 Kretzschmerl
1452 569 1659 716 De
1710 585 1874 714 A.
1939 583 2349 716 Gellii
2408 584 3181 747 fontibus:

60 788 261 917 Pt.
330 787 405 942 Ι,
475 786 681 917 De
740 758 1615 916 auctoribus
1669 762 1832 913 A.
1898 783 2307 916 Gellii
2371 786 3379 951 grammaticis

54 990 185 1119 2.
255 988 1026 1152 Keseberq
1082 985 1133 1118 Ι
1186 985 2212 1127 Quaestiones
2280 972 3035 1118 Plautinae
3092 992 3240 1118 et

52 1188 1019 1320 Terentianae
1077 1187 1267 1318 ad
1333 1187 2189 1353 religionem
2251 1190 3149 1350 spectantes

53 1389 182 1519 3.
252 1388 1065 1519 Kleanthes
1119 1387 1170 1518 Ι
1228 1388 2099 1540 l-lerrneneia
2156 1389 2388 1518 eis
2455 1391 2903 1551 pente

52 1588 562 1718 enoria
616 1591 876 1718 tou
946 1579 1659 1719 Platonos
1721 1581 2378 1753 Gorgiou

45 1788 179 1918 4.
249 1788 884 1945 Kiihner,
955 1789 1609 1954 Raphael
1666 1788 2554 1954 lAnleitunq
2612 1821 2949 1920 zum

5 1991 1052 2121 uebersetzen
1115 2023 1403 2121 aus
1464 1991 1803 2121 dern
1867 1973 2719 2121 deutschen
2788 1991 2922 2118 in

49 2192 178 2320 5.
248 2186 897 2321 Kunertl
950 2189 1374 2331 Quae
1438 2191 1805 2337 inter
1857 2189 2957 2355 Clitophontem

48 2391 807 2555 dialogum
869 2395 1019 2522 et
1079 2391 1735 2522 Platonis
1802 2392 3062 2553 Rernpublicarn..

46 2591 176 2721 6.
246 2591 703 2722 Klebs
758 2589 809 2722 Ι
867 2591 1806 2723 Lateinische
1865 2492 3163 2819 geschichtswerl<

34 2792 421 2925 ‘iiber
472 2792 766 2924 den
815 2793 1626 2959 judischen
1694 2793 2117 2959 Krieq

45 2995 174 3121 7.
245 2992 875 3125 Klauerl
934 2994 1141 3125 De
1193 2994 2246 3157 Aristophanis
2303 2995 3278 3124 trimetrorurn

44 3193 1167 3358 compositione
1226 3193 2258 3325 artificiosiore

42 3395 172 3527 8.
243 3396 724 3528 Kunst
773 3393 824 3528 Ι
883 3396 1089 3527 De
1145 3395 1866 3528 Theocriti
1924 3429 2379 3528 versu
2449 3396 3061 3527 heroico

40 3597 172 3726 9.
242 3597 768 3727 Keiser
813 3595 865 3727 Ι
918 3595 1872 3779 Comparatio
1935 3598 2806 3760 placitorum
2915 3649 2919 3655 ¹

46 3796 707 3927 Platonis
767 3801 918 3927 et
967 3797 1811 3948 Aristotelis
1872 3797 2064 3954 de
2127 3797 2694 3927 ratione
2752 3802 2903 3928 et

46 3995 268 4133 10.
337 3997 974 4152 Kiihner,
1044 3996 1590 4129 Rudolf
1630 3995 1680 4127 l
1735 3995 2209 4127 Caroli
2275 3996 3009 4128 Gabrielis
3168 4126 3171 4129 ,

39 4195 566 4329 Cobeti
629 4193 1788 4329 emendationes
1850 4198 2038 4328 ad
2094 4197 3140 4360 Xenophontis
