2098 3256
900 145 1067 195 ..⁶1
1128 173 1186 184 —

744 266 819 314 19.
883 264 934 314 G.
971 265 1136 315 Aelius
1174 265 1349 317 Gallus.

391 355 614 402 Laudatur
643 356 774 401 semel
802 357 845 401 in
876 356 985 401 libro
1016 358 1075 401 de
1105 357 1512 413 significatione
1542 358 1834 414 verborum,

254 434 388 479 quac
427 425 488 469 ad
523 425 603 469 ius
642 425 804 469 civile
845 427 1111 480 pertinent
1155 426 1341 470 secundo
1377 427 1477 471 XVI
1520 425 1561 482 5,
1601 425 1641 482 3,
1681 426 1745 470 ita
1783 428 1834 469 ut

254 493 333 537 nec
360 492 456 548 ipsa
484 494 577 538 eius
596 493 728 539 verba
756 497 1062 550 proponantur,
1090 507 1168 539 nec
1187 494 1344 549 legisse
1373 508 1421 540 se
1451 488 1613 540 Gellius
1634 497 1832 547 testetur

255 560 433 606 Verrius
463 562 641 607 Flaccus
671 563 851 607 eundem
880 562 1036 606 librum
1064 575 1194 616 saepe
1223 563 1380 616 citavit,
1411 564 1623 608 secundus
1645 563 1834 608 occurrit

254 641 322 685 ap.
338 629 452 674 Fest.
468 643 510 686 p.
526 628 610 672 273
626 643 660 676 s.
676 644 715 676 v.
731 631 860 676 Reus,
877 630 1136 676 Mercklinus
1168 643 1208 685 p.
1229 629 1326 681 678,
1356 643 1485 687 quum
1513 632 1647 676 totius
1677 632 1832 687 capitis

205 704 207 706 ’
255 701 473 744 auctorem
503 700 701 744 Verrium
731 703 916 755 putaret,
936 700 1132 744 indidem
1158 707 1237 744 suo
1267 700 1360 744 iure
1388 699 1557 744 Aelium
1576 699 1746 745 Gallum
1764 712 1831 745 re·

253 767 388 821 petiit.
448 768 635 821 Quorum
664 768 745 814 hoc
774 768 958 813 alterum
986 772 1152 813 tantum
1180 768 1282 813 mihi
1311 768 1519 825 probavit,
1548 769 1717 813 Aelium
1745 781 1833 814 non

253 835 394 889 ipsum
423 850 450 881 a
479 837 616 882 Gellio
647 839 882 893 inspectum
914 851 1009 882 esse
1039 839 1115 882 sed
1145 838 1364 883 laudatum
1400 838 1454 881 ab
1484 838 1648 892 altero
1680 838 1833 882 Verrio

251 901 437 949 fortasse
466 905 633 951 Flacco.
691 906 898 951 Miramur
926 907 1103 963 quippe,
1155 907 1267 962 quod
1307 907 1344 950 is
1384 905 1515 962 liber,
1565 889 1650 962 qui
1677 916 1833 961 magno

252 972 350 1016 usui
393 972 532 1018 Gellio
575 974 745 1019 futurus
788 974 954 1028 fuisset,
998 974 1131 1019 semel
1173 975 1387 1019 laudatur.
1445 974 1511 1018 De
1553 974 1834 1029 inscriptione

252 1041 345 1086 eius
373 1040 472 1087 libri
501 1041 688 1088 dubitari
716 1044 862 1100 possit
921 1043 1077 1088 Festus
1109 1043 1220 1088 enim
1246 1046 1492 1088 constanter
1526 1042 1694 1098 „civile“
1729 1042 1832 1087 omi-

251 1110 327 1172 sit,
356 1117 494 1167 neque
529 1113 607 1167 „de
636 1112 966 1167 significatione“
1001 1113 1078 1157 sed
1111 1112 1493 1167 „significationes“
1527 1111 1720 1165 exhibet;
1760 1124 1834 1156 ne-

251 1190 335 1234 que
364 1182 507 1224 tamen
535 1180 628 1236 ipse
658 1180 740 1225 sibi
769 1182 875 1225 satis
905 1182 1112 1236 constitit,
1154 1180 1279 1225 modo
1310 1180 1495 1236 brevius,
1535 1180 1661 1224 modo
1688 1180 1832 1234 eopio-

251 1247 340 1291 sius
369 1247 524 1291 Iibrum
554 1249 745 1298 laudans,
774 1261 853 1293 nec
869 1250 995 1293 credo
1025 1249 1194 1304 „civile“
1222 1249 1406 1293 Gellium
1435 1248 1614 1293 arbitrio
1644 1260 1724 1292 suo
1754 1248 1829 1292 ad-

250 1314 412 1359 iecisse.
472 1315 613 1368 Quare
642 1316 752 1361 hunc
781 1317 901 1372 sequi
931 1320 1137 1373 praestat.

760 1454 839 1505 20.
900 1454 1087 1505 Sinnius
1126 1454 1309 1519 Capito.

391 1567 498 1612 Eius
528 1567 637 1613 duae
666 1568 875 1623 epistulae
896 1568 1112 1627 adhibitae
1143 1572 1199 1623 et,
1231 1569 1342 1613 sicut
1370 1571 1572 1614 accurata
1600 1568 1831 1624 descriptio

258 1639 468 1691 testatur,
508 1636 562 1680 ab
591 1637 687 1691 ipso
715 1637 933 1692 inspectae
961 1638 1000 1682 V
1024 1636 1093 1691 20,
1133 1635 1159 1677 2
1190 1641 1235 1681 et
1262 1638 1302 1681 V
1331 1637 1400 1692 21,
1430 1635 1471 1681 9.
1527 1638 1678 1681 Altera
1706 1637 1745 1680 V
1765 1634 1835 1686 20.

255 1705 310 1748 ad
339 1704 534 1749 Clodium
555 1705 739 1749 Tuscum
759 1705 873 1760 data,
902 1706 1107 1759 inscripta
1126 1704 1310 1749 fortasse
1338 1704 1438 1749 fuit:
1469 1705 1524 1749 de
1542 1703 1831 1760 imparilitate.

255 1772 320 1819 Of.
350 1773 484 1819 Hertz
514 1773 628 1819 Sinn.
660 1774 759 1833 Cap.
791 1787 832 1830 p.
868 1772 932 1820 16.
1004 1774 1099 1819 Hoc
1128 1775 1240 1818 enim
1268 1775 1437 1819 nomine
1475 1774 1647 1819 Sinnius
1676 1774 1834 1819 dicitnr

188 1879 192 1883 .
254 1843 547 1890 soloecismum
578 1843 828 1899 appellasse,
858 1844 1041 1899 ideoque
1069 1856 1180 1900 quae
1211 1847 1359 1888 contra
1383 1843 1623 1889 soloecismi
1653 1842 1833 1888 vocabu·

253 1911 534 1958 lumffGellius
564 1910 718 1968 §3-7
749 1913 993 1968 disputavit,
1023 1925 1119 1968 non,
1143 1913 1284 1968 credo,
1314 1926 1341 1957 a
1371 1912 1517 1958 Sinnio
1547 1912 1724 1967 accepit,
1755 1911 1832 1956 sed

253 1981 546 2025 tantummodo
577 1980 601 2036 ἕ
636 1979 757 2025 1-2.
814 1981 969 2025 Maiori
998 1981 1283 2025 emolumento
1323 1980 1462 2025 altera
1499 1980 1640 2024 fuisse
1661 1980 1835 2024 videtur

254 2048 294 2094 V
323 2046 392 2105 21,
422 2048 476 2094 ad
505 2049 736 2095 Pacuvium
771 2048 1013 2095 Labeonem
1043 2049 1185 2099 missa,
1223 2061 1319 2093 cum
1347 2048 1492 2094 titulo:
1539 2048 1714 2105 „pluria,
1745 2058 1832 2093 non

257 2116 408 2173 „plura
446 2118 542 2164 dici.
569 2117 761 2163 debere-‘³
826 2119 1061 2163 Simulacra
1100 2119 1211 2162 enim
1249 2119 1325 2162 illa
1363 2119 1671 2173 disputantium
1700 2117 1832 2162 menti

253 2186 384 2234 reddo
423 2186 572 2240 Gellii,
613 2187 776 2231 amicus
815 2187 899 2231 iste
938 2187 1089 2231 doctus
1130 2186 1242 2231 alter
1280 2186 1451 2231 Sinnius
1491 2190 1570 2231 est.
1629 2186 1691 2229 Ac
1720 2185 1835 2237 sicut

255 2255 387 2304 Hertz
418 2255 445 2300 l.
475 2254 502 2297 l.
532 2267 573 2309 p.
610 2254 658 2296 12
704 2255 1016 2310 subscriptores
1045 2254 1208 2299 formae
1237 2255 1379 2310 pluria
1417 2254 1442 2310 ξ
1472 2254 1498 2297 6
1528 2267 1554 2298 a
1583 2253 1728 2298 Sinnio
1757 2265 1830 2297 re-

252 2323 390 2378 petiit,
419 2323 473 2367 ab
504 2323 652 2368 eodem
680 2322 913 2379 profectam
942 2335 1039 2368 esse
1068 2324 1367 2378 disputationis
1396 2335 1603 2368 summam
1632 2322 1832 2366 arbitror.

254 2392 365 2446 Quin
394 2392 524 2438 etiam
553 2393 667 2449 quod
697 2392 859 2437 Gellius
890 2391 913 2449 ἓ
948 2391 999 2434 14
1029 2392 1192 2437 addidit
1220 2392 1448 2437 Sinnianae
1468 2392 1590 2447 quasi
1620 2391 1834 2447 opinionis

254 2462 564 2519 adiumentum,
610 2465 907 2519 argumentum
935 2462 1078 2518 potius
1109 2462 1245 2507 Sinnii
1273 2460 1406 2506 fuisse
1434 2461 1588 2506 iudico.
1652 2458 1834 2506 Verrius

254 2531 388 2586 enim,
420 2533 495 2587 qui
524 2533 716 2578 Sinnium
736 2545 868 2588 saepe
896 2535 1024 2587 atque
1046 2532 1171 2576 etiam
1203 2531 1246 2574 in
1276 2530 1567 2586 grammaticis
1586 2530 1716 2576 rebus
1735 2542 1832 2575 con·

254 2600 410 2656 suluit,
451 2600 503 2649 cf.
533 2602 650 2647 Fest.
680 2614 721 2657 p.
758 2599 838 2644 138
866 2600 907 2646 b.
938 2613 973 2645 s,
1002 2613 1040 2645 v.
1071 2602 1321 2655 monstrum,
1352 2603 1396 2645 et
1423 2600 1518 2656 ipse
1545 2600 1599 2646 de
1629 2599 1832 2646 adverbio

255 2670 540 2725 compluriens
571 2671 797 2725 quaesivit,
826 2669 943 2714 Paul.
974 2669 1028 2714 D.
1043 2681 1083 2723 p.
1110 2666 1165 2710 59
1195 2668 1253 2712 Μ.
1319 2668 1638 2724 „Compluriens
1667 2682 1695 2713 a
1723 2680 1833 2713 com*

258 2737 475 2796 „pluribus
505 2736 716 2800 significat
746 2735 885 2793 saepe.
945 2735 1075 2783 Cato:
1107 2735 1397 2783 Contumelias
1426 2736 1530 2782 mihi
1549 2737 1693 2782 dixisti
1722 2747 1831 2780 com-.

257 2805 518 2869 ,plancusf
573 2807 726 2862 „Quod
766 2821 851 2858 non
897 2819 978 2863 pro
1024 2811 1277 2862 argumento
1321 2809 1569 2862 venderem,
1616 2805 1699 2851 nisi
1745 2816 1833 2852 non
