2098 3256
884 140 1176 185 ...53-

239 269 366 315 quam
395 270 449 302 ne
477 258 521 302 id
549 259 719 315 quidem
749 256 998 303 incredibile
1045 281 1096 287 —
1142 260 1188 302 at
1217 261 1331 303 certe
1366 256 1569 301 iudicium
1607 256 1660 301 de
1692 268 1742 301 eo
1775 260 1819 302 et

238 326 350 371 Aelii
379 327 624 372 memoriam
644 326 825 372 Varroni
856 325 1054 381 tribuam,
1084 325 1191 369 libro
1211 324 1408 371 videlicet
1428 326 1482 370 de
1501 326 1643 379 poetis
1666 325 1815 380 primo.

374 394 755 449 Quaestionum
796 395 1000 440 Varronis
1041 395 1451 450 epistulicarum
1494 396 1654 439 mentio
1693 406 1816 438 accu-

235 464 453 513 ratissima
481 465 596 511 facta
627 468 695 509 est
723 464 829 518 loco,
869 465 942 520 qui
973 464 1027 509 ad
1057 464 1335 520 antiquitates
1365 465 1552 519 pertinet
1581 464 1684 508 XIV
1716 463 1755 518 7,
1787 461 1813 505 3

240 533 400 589 „Varro
431 534 492 578 ait
520 534 565 577 in
592 533 769 588 litteris,
814 546 921 588 quas
952 534 1006 577 ad
1037 533 1274 588 Oppianum
1305 533 1441 588 dedit,
1486 545 1596 589 quae
1635 535 1736 576 sunt
1770 533 1814 576 in

240 600 372 658 „libro
403 602 721 657 epistulicarum
752 602 1048 657 quaestionum
1078 600 1269 657 quarto.“
1334 601 1451 645 Idem
1487 601 1593 645 liber
1632 604 1811 657 quartus

234 671 417 716 occurrit
445 670 547 714 XIV
575 668 615 724 8,
646 669 673 710 2
704 670 797 713 loco
827 682 912 713 non
937 670 1079 727 'minus
1112 682 1138 712 a
1168 669 1289 713 nobis
1321 669 1473 713 alieno.
1534 669 1597 713 De
1628 672 1811 725 utroque

233 740 402 784 interim
442 738 635 784 conferas
676 738 851 783 Merckl.
891 752 931 793 p.
969 738 1065 781 651.
1125 739 1192 783 Ad
1237 739 1542 793 grammaticen
1587 737 1811 782 referenda

231 811 353 861 sunt,
398 819 508 861 quae
537 807 598 851 VI
632 806 683 846 10
714 810 759 849 et
787 806 831 849 II
866 805 916 847 10
947 807 1160 861 leguntur.
1220 807 1368 850 Priore
1412 806 1503 849 loco
1550 806 1812 860 negligentia

233 877 307 918 aut
338 874 464 918 Gellii
494 877 570 917 aut
604 873 768 917 librarii
812 873 989 917 alicuius
1031 887 1160 929 quum
1191 873 1366 917 Catonis
1396 874 1625 917 laudentur
1654 875 1812 927 epistu—

231 942 338 986 licae
378 942 673 996 quaestiones,
721 953 815 985 eum
847 941 1120 996 quamobrem
1150 954 1337 986 errorem
1367 941 1546 985 habeam
1578 945 1622 985 et
1652 942 1812 996 optime

232 1023 259 1054 a
288 1010 435 1065 Lipsio
466 1013 702 1054 correctum
732 1011 833 1055 Var.
864 1010 959 1055 lect.
989 1011 1054 1054 ΠΙ
1083 1010 1162 1066 21,
1207 1011 1259 1055 de
1291 1010 1454 1055 Catone
1484 1011 1708 1065 disputans
1739 1023 1810 1054 ex-

231 1078 373 1133 plicui.
431 1079 562 1123 Recte
600 1079 734 1134 igitur
774 1080 809 1123 si
840 1079 1011 1134 Lipsius
1043 1079 1148 1124 haec
1179 1080 1362 1124 Varroni
1391 1079 1602 1133 restituit,
1647 1079 1810 1123 Gellius

231 1147 361 1192 etiam
405 1147 541 1202 primo
586 1146 694 1192 libro
742 1147 1058 1203 epistulicarum
1103 1148 1401 1203 quaestionum
1447 1160 1550 1192 usus
1595 1150 1681 1192 est.
1743 1147 1811 1191 Ad

232 1216 404 1259 eosdem
451 1215 581 1258 libros
620 1239 676 1245 -
717 1217 770 1258 ad
820 1228 950 1258 unum
1001 1217 1111 1259 enim
1151 1219 1313 1260 certum
1352 1228 1437 1258 non
1475 1215 1620 1259 licebit
1660 1238 1714 1245 —
1745 1229 1811 1258 re-

234 1280 348 1326 ferre
384 1294 611 1336 possumus
651 1283 694 1326 H
739 1280 803 1326 10.
863 1283 1002 1326 Varro
1043 1284 1086 1326 in
1127 1284 1312 1338 epistula
1347 1284 1400 1326 ad
1441 1283 1633 1327 Serv1um
1670 1283 1810 1337 Sulpi-

229 1350 341 1395 cium
370 1349 594 1406 laudatur,
640 1351 683 1394 in
722 1363 807 1407 qua
837 1351 1032 1407 quaerit,
1077 1352 1179 1407 quid
1223 1352 1280 1395 sit
1322 1351 1482 1396 favisae
1528 1351 1808 1406 Capitolinae.

229 1417 313 1463 Ubi
356 1418 457 1463 licet
499 1420 720 1473 inscriptio
764 1420 837 1464 illa
881 1421 1180 1475 „quaestiones
1221 1419 1493 1475 epistulicae“
1540 1421 1686 1464 addita
1724 1433 1811 1464 non

230 1487 310 1542 sit,
351 1488 579 1533 invitamur
607 1489 703 1545 ipso
733 1492 983 1545 argumento
1014 1490 1244 1545 epistulae,
1284 1493 1333 1534 ut
1362 1490 1418 1534 ad
1448 1490 1542 1535 illas
1575 1502 1669 1535 eam
1697 1489 1809 1535 refe-

229 1568 387 1601 ramus,
436 1558 503 1601 De
533 1570 617 1612 quo
648 1558 686 1601 si
715 1559 817 1613 quid
848 1561 991 1602 tamen
1021 1558 1329 1613 dubitaveram,
1359 1558 1469 1602 hanc
1499 1559 1809 1603 dubitationem

190 1642 198 1646 -
229 1623 331 1669 mihi
360 1624 488 1669 solvit
518 1626 738 1671 Ritschelii
769 1639 972 1672 assensus
1001 1627 1058 1671 Μ.
1088 1626 1167 1671 Rh.
1199 1627 1259 1672 VI
1288 1640 1328 1683 p.
1360 1625 1457 1672 538.
1468 1630 1499 1678 ¹)

365 1694 522 1738 Rarior
565 1696 694 1739 etiam
737 1708 841 1739 usus
886 1696 967 1739 fuit
1016 1696 1221 1740 librorum
1265 1697 1327 1740 de
1376 1696 1691 1750 imaginibus
1742 1696 1809 1740 vel

229 1761 615 1808 hebdomadum.
675 1764 840 1807 Primus
881 1764 990 1808 enim
1032 1764 1148 1808 solus
1187 1764 1296 1808 liber
1335 1763 1400 1808 bis
1442 1765 1628 1809 occurrit
1656 1764 1721 1808 111
1756 1763 1807 1806 10

232 1834 277 1875 et
309 1830 374 1872 11.
432 1833 719 1876 Posteriorem
750 1833 889 1876 locum
919 1846 1001 1877 non
1032 1835 1266 1888 attingam,
1312 1833 1365 1876 de
1395 1833 1537 1887 priore
1566 1837 1710 1877 autem
1739 1846 1808 1877 res

229 1897 367 1944 tribus
406 1898 550 1945 verbis
590 1900 752 1946 absolvi
795 1906 950 1957 potest.
1010 1903 1077 1947 Ex
1104 1902 1212 1947 libro
1243 1905 1354 1948 enim
1382 1901 1521 1957 primo
1562 1907 1711 1947 noster
1739 1905 1807 1946 to-

229 1971 320 2012 tum
358 1968 449 2014 fere
488 1973 616 2024 caput
655 1970 798 2015 hausit
827 1972 891 2015 HI
927 1970 990 2015 10.
1050 1971 1173 2023 Quod
1216 1971 1376 2015 indicat
1420 1974 1497 2014 aut
1540 1972 1635 2025 ipsa
1679 1970 1809 2014 verba

228 2035 409 2081 laudans
441 2035 464 2092 ξ
495 2035 542 2092 2,
588 2035 634 2088 6,
684 2037 721 2093 7,
767 2041 843 2083 aut
886 2038 1075 2083 referens
1126 2041 1241 2084 certe
1287 2038 1543 2083 sententiam
1587 2039 1807 2084 Varronis.

228 2104 295 2148 De
324 2117 404 2149 suo
432 2104 618 2151 fortasse
647 2108 803 2152 adiecit
832 2108 1039 2153 Herodoti
1071 2112 1115 2153 et
1144 2108 1322 2152 Homeri
1352 2109 1573 2162 opiniones
1604 2108 1627 2162 ξ
1663 2109 1725 2162 11,
1756 2108 1809 2152 cf.

228 2172 407 2218 Merckl.
436 2186 477 2229 p.
509 2172 603 2217 644.
1569 2185 1572 2188 “

365 2242 441 2286 De
470 2244 761 2288 comoediis
792 2245 1060 2289 Plautinis
1089 2245 1199 2291 liber
1227 2246 1389 2300 primus
1411 2246 1569 2289 citatur
1597 2244 1661 2288 III
1692 2242 1731 2299 3,
1764 2243 1803 2288 9.

228 2309 363 2363 Quem
391 2323 445 2354 ne
474 2311 753 2357 confunderes
784 2326 879 2358 cum
909 2314 1232 2369 quaestionibus
1254 2314 1482 2368 Plautinis,
1513 2325 1643 2368 supra
1663 2313 1808 2357 monui

229 2377 254 2433 ξ
284 2376 311 2418 6
341 2390 379 2422 a.
437 2378 502 2422 De
541 2382 632 2423 toto
675 2384 818 2425 autem
857 2382 948 2426 loco
978 2382 1043 2425 ΙΠ
1074 2379 1100 2422 3
1140 2383 1265 2426 docta
1294 2380 1515 2425 Ritschelii
1556 2381 1805 2425 dissertatio

229 2445 484 2495 conferenda
513 2451 580 2492 est
610 2449 785 2506 Parerg.
815 2451 836 2495 I
866 2464 906 2506 p.
939 2450 993 2494 73
1023 2464 1129 2506 sqq.,
1170 2451 1241 2506 qui
1271 2463 1348 2494 suo
1373 2450 1485 2505 jure,
1527 2451 1723 2505 quamvis
1754 2451 1808 2495 ad

228 2515 396 2570 singula
444 2520 614 2561 tantum
656 2519 795 2564 Varro
849 2523 1001 2565 auctor
1048 2519 1245 2564 laudatus
1300 2520 1379 2574 sit,
1424 2532 1630 2564 summam
1673 2521 1808 2564 totius

226 2583 379 2638 capitis
409 2598 460 2629 ex
488 2584 598 2630 libro
629 2587 682 2632 de
712 2589 940 2633 comoediis
961 2588 1168 2633 Plautinis
1199 2591 1413 2643 sumptam
1444 2601 1541 2633 esse
1572 2590 1805 2634 contendit.

336 2797 341 2802 .
371 2752 396 2798 ¹)
430 2753 656 2791 Mercklinus
681 2756 833 2802 cogitari
860 2766 968 2802 posse
999 2762 1124 2796 censet
1156 2758 1200 2796 de
1232 2759 1475 2797 coniectaneis
1506 2759 1589 2796 Atei
1622 2758 1805 2803 Capitonis

226 2814 398 2858 tanquam
419 2809 528 2849 huius
551 2811 729 2858 epistulae
750 2812 850 2853 fonte
874 2823 910 2861 p.
933 2814 1015 2853 662.
