2098 3253
670 313 750 361 ¹4¹0.
812 312 989 362 Gavius
1024 313 1217 390 Bassus.

59 460 61 462 ,
197 423 218 444 ³
236 423 244 458 ξ
291 415 450 461 Lersoh
478 416 505 460 1.
531 416 650 460 1.-ΠΙ
674 429 718 470 p.
755 414 835 457 159
866 428 955 470 sqq.
986 415 1098 460 hunc
1135 416 1242 460 satis
1272 417 1475 461 audacter
1505 429 1600 461 eum
1624 416 1737 460 -Cae‘-
1765 436 1776 445 ·

1 504 39 524 ν,
72 489 75 491 ’
154 484 223 545 ἑο
249 484 385 529 Besso
416 488 554 539 ipeeta
590 497 643 528 ac
686 484 986 539 grammatico,
1037 484 1219 528 Neronis
1249 489 1605 539 contemparaneo
1634 497 1735 528 con-

153 551 284 609 fudit,
323 552 467 599 Baehr
493 552 646 607 sPauly.
688 553 903 607 encyolop.
942 553 963 595 Ι
1009 565 1049 607 p.
1097 552 1198 594 1071
1246 553 1300 597 ad
1339 554 1510 604 Traiani
1548 556 1736 598 aetatem

154 622 379 678 promovit.
457 622 621 677 Quippe
664 624 909 684 utrumque¹
935 621 1067 676 fugit,
1119 622 1230 677 quod
1275 625 1392 666 recte
1436 623 1736 667 animadvertit

105 717 108 720 ·
155 690 416 736 Mercklinus
445 703 486 745 p.
518 689 615 745 650,
645 691 802 734 aetatis
828 690 1032 733 indicium
1065 703 1118 733 ex
1150 688 1288 733 Gellio
1319 690 1459 745 colligi
1488 703 1638 745 posse,
1680 690 1734 734 ab

154 758 241 817 illis
271 760 525 805 coniecturis
554 760 813 813 discrepans.
873 759 1042 813 Equum
1072 759 1183 802 enim
1216 759 1414 803 Seianum
1437 759 1598 802 Gavius
1629 759 1732 802 Bas-

156 826 246 872 susv
261 828 373 883 apud
403 827 597 871 Gen-111
626 823 667 881 9,
696 825 724 868 8
754 828 942 869 testatur
971 839 1017 869 se
1047 827 1173 880 Argis
1194 826 1366 876 vidisse,
1396 826 1573 870 abduxit
1592 832 1735 870 autem

156 896 255 950 eum
282 896 413 951 Argis
442 896 489 941 P.
521 895 743 940 Cornelius
772 894 1010 951 Dolabella,
1040 895 1113 950 qui
1144 908 1229 939 cos.
1261 909 1300 939 a.
1332 893 1389 937 44
1420 908 1457 940 a.
1490 895 1588 940 Chr.
1620 910 1659 941 a.
1679 894 1735 939 43

153 957 237 1021 Ριδ
265 965 439 1011 consule
468 968 512 1011 in
542 965 705 1020 Syriam
735 964 993 1019 provinciam
1023 963 1295 1018 proficiscens
1325 964 1380 1008 ab
1409 965 1564 1009 itinere
1593 965 1736 1020 Argos

154 1030 353 1081 devertit.
410 1034 534 1078 Unde
563 1033 735 1078 Baehrii
764 1033 907 1088 opinio
930 1033 1076 1077 statim
1107 1034 1284 1089 corruit,
1318 1033 1566 1089 infringitur
1591 1039 1736 1078 autem

155 1093 285 1149 etiam
313 1103 508 1147 Lerschii
547 1103 804 1155 coniectura,
836 1102 904 1145 vel
945 1103 1041 1145 aliis
1083 1102 1136 1146 de
1175 1104 1313 1146 causis
1348 1107 1567 1157 suspecta;
1613 1106 1734 1147 aetas

68 1214 70 1216 ,
154 1170 336 1232 denique
361 1170 487 1215 Gavii
515 1171 653 1221 Bassi,
682 1182 948 1225 quamquam,
981 1182 1109 1224 quum
1136 1183 1291 1225 equum
1309 1171 1494 1220 videbat,
1524 1175 1602 1215 aut
1631 1172 1734 1215 ado·

153 1238 318 1299 lescens
348 1240 575 1285 admodum
606 1241 773 1293 poterat
803 1251 897 1282 esse
941 1242 1018 1282 aut
1049 1242 1193 1282 aetate
1235 1240 1489 1294 provectior,
1533 1240 1736 1294 quadam-

156 1309 282 1351 tenus
312 1310 456 1352 tamen
493 1307 703 1352 definitur.
763 1307 937 1351 Librum
980 1307 1103 1351 Gavii
1144 1308 1270 1352 Bassi
1301 1308 1464 1352 Gellius
1493 1308 1549 1352 ad
1588 1309 1734 1363 partes

154 1378 341 1436 voca'vit,
372 1379 491 1422 cuius
522 1377 693 1421 titulum
725 1378 856 1421 semel
887 1376 1079 1420 exhibuIt
1109 1381 1326 1432 integrum
1356 1378 1421 1421 111
1456 1376 1528 1421 19:
1580 1376 1735 1432 „Lege-

160 1444 312 1500 „batur
342 1445 467 1490 Gavii
495 1447 632 1494 Bassi,
664 1446 819 1490 eruditi
849 1445 951 1499 viri,
989 1444 1099 1489 liber
1125 1446 1188 1489 de
1219 1447 1429 1501 origine
1457 1446 1736 1490 verborum

159 1517 238 1570 ,et
279 1514 703 1567 vocabulorum“;
759 1514 801 1556 Π
845 1513 889 1562 4,
936 1511 984 1566 3,
1027 1514 1066 1556 V
1112 1513 1150 1568 7,
1194 1514 1257 1557 XI
1306 1514 1375 1563 17,
1425 1513 1452 1554 4
1495 1516 1736 1559 restrictius

154 1582 346 1640 laudavit
400 1581 555 1625 librum
609 1581 662 1624 de
720 1581 884 1634 origine
938 1579 1264 1635 vocabulorum3
1327 1582 1548 1626 remissius
1605 1584 1735 1626 etiam

152 1649 218 1695 111
256 1648 283 1693 9
323 1654 368 1695 et
403 1650 469 1693 ΠΙ
513 1647 584 1702 18,
629 1646 654 1690 3
691 1652 858 1691 tantum
899 1649 1302 1697 commentaria,
1349 1661 1459 1703 quae
1499 1662 1595 1692 cum
1634 1650 1735 1694 Ler-

153 1718 270 1763 schio
302 1717 455 1762 Philol.
495 1718 517 1761 I
547 1715 630 1775 617
672 1720 715 1760 et
754 1715 989 1760 Mercklino
1029 1729 1070 1771 p.
1112 1715 1195 1758 665
1236 1728 1321 1760 non
1361 1718 1531 1762 diversa
1565 1718 1736 1763 abillis

35 1824 46 1834 .
154 1788 362 1838 arbitror,
422 1786 522 1842 quia
576 1786 867 1830 commentarii
921 1798 1075 1829 nomen
1128 1786 1262 1829 cuivis
1323 1786 1433 1830 libro
1489 1788 1737 1841 imponebat

39 1881 43 1885 -
101 1894 108 1900 .
153 1851 339 1910 Gellius,
394 1858 439 1899 et
472 1854 576 1897 locis
626 1854 838 1898 coutinuis
883 1853 947 1896 III
997 1852 1047 1894 18
1093 1856 1137 1897 et
1180 1854 1246 1897 ΙΙΙ
1294 1852 1364 1908 19,
1410 1855 1484 1898 illo
1529 1868 1735 1899 commen·

152 1925 310 1977 tarius,
341 1924 422 1969 hoc
450 1923 559 1968 liber
588 1924 641 1967 de
671 1923 834 1977 origine
864 1923 1091 1966 verborum
1121 1927 1165 1967 et
1193 1924 1494 1967 vocabulorum
1524 1925 1738 1970 laudatur.

0 2049 3 2053 .
152 1991 278 2038 Hunc
327 1997 471 2038 autem
520 1996 570 2036 ut
617 1992 787 2047 plenum
827 1991 1024 2047 habeam,
1068 1992 1250 2035 alterum
1298 1993 1352 2036 de
1400 1993 1563 2047 origine
1613 2006 1735 2038 voca-

0 2061 26 2119 }
151 2061 348 2109 bulorum
377 2064 668 2116 decurtatum,
710 2075 762 2106 ea
791 2074 921 2106 causa
951 2062 1154 2116 adducor,
1198 2062 1299 2118 quia
1328 2060 1404 2106 tali
1458 2063 1736 2107 additamenti

152 2133 196 2177 in
226 2132 364 2177 Gellio
402 2132 562 2175 nullum
601 2131 831 2185 vestigium
871 2134 1051 2185 apparet
1081 2130 1217 2186 aliud,
1263 2131 1562 2185 compendiosa
1592 2136 1734 2175 autem

48 2232 75 2256 κ,
152 2201 359 2257 longioris
389 2201 503 2246 tituli
523 2200 714 2245 laudatio
745 2212 795 2243 eo
826 2199 964 2242 minus
986 2197 1201 2243 offendere
1221 2200 1362 2254 debet,
1388 2201 1585 2254 quoniam
1606 2201 1732 2243 trium

152 2271 341 2314 locorum
371 2270 538 2313 duobus
570 2269 744 2312 verbum
779 2267 1064 2321 „composuit“
1101 2268 1292 2309 additum
1323 2271 1402 2321 est,
1432 2267 1483 2310 cf.
1504 2267 1544 2310 d.
1575 2268 1733 2311 citandi

153 2338 320 2383 ratione
351 2350 391 2394 p.
428 2335 491 2380 18.
532 2361 586 2367 —
630 2336 674 2381 11
704 2334 744 2391 4,
778 2333 803 2377 3
833 2336 991 2380 citatur
1033 2336 1187 2380 tertius
1227 2336 1334 2379 liber
1369 2339 1414 2379 et
1443 2336 1562 2390 origo
1592 2340 1730 2381 trans-

0 2396 21 2407 ²
155 2409 316 2461 scripta
353 2410 421 2451 est
457 2419 546 2450 voc.
586 2405 802 2449 divinatio.
861 2404 1052 2447 Alteram
1093 2404 1489 2457 interpretationem
1530 2404 1553 2459 ξ
1585 2404 1610 2445 6
1650 2418 1735 2450 non

0 2476 47 2537 ξ
116 2527 118 2529 ,
154 2470 260 2532 mito
291 2488 318 2520 a
346 2476 482 2521 Basso
504 2474 677 2519 allatam
696 2474 842 2527 fuisse,
874 2475 975 2528 quia
995 2472 1157 2517 Gellius
1177 2473 1435 2531 interposuit
1457 2472 1564 2518 haec
1584 2475 1735 2519 verba:

0 2538 26 2585 li
41 2563 47 2575 τ
115 2589 120 2594 ,
157 2533 304 2598 ’,Ἠεθο
349 2545 526 2588 Bassus.
591 2544 674 2587 Sed
711 2543 783 2586 alii
819 2540 1029 2595 quidam.“
1106 2541 1318 2594 Septimus
1372 2541 1482 2584 liber
1521 2544 1619 2585 usui
1653 2543 1737 2587 fuit

7 2646 23 2669 2:
150 2608 213 2654 XI
233 2609 297 2664 17,
319 2608 359 2653 4.
398 2611 510 2654 Nolo
531 2610 706 2654 umbrae
728 2608 788 2653 illi
808 2608 932 2652 amici
953 2607 1066 2651 docti
1097 2611 1141 2651 et
1170 2608 1338 2652 nomine
1368 2611 1413 2652 et
1432 2612 1640 2665 sanguine
1666 2624 1733 2656 ca·

9 2697 27 2715 ⁴⁵
51 2701 55 2704 ·
75 2699 89 2736 1
152 2680 266 2724 renti
295 2680 380 2723 vim
410 2679 580 2724 inferre.
639 2680 841 2724 Attamen
863 2676 998 2721 Gavio
1027 2676 1183 2732 tribuo,
1215 2689 1326 2732 quae
1356 2676 1429 2732 §4
1459 2679 1513 2722 de
1541 2680 1646 2724 retis
1676 2680 1734 2723 le-

152 2748 325 2804 guntur,
358 2749 520 2803 omnia;
565 2762 615 2793 ac
645 2748 793 2793 dubito
834 2758 973 2790 annon
1012 2759 1064 2790 ex
1104 2747 1251 2791 eodem
1292 2750 1463 2803 sumpta
1492 2748 1578 2793 sint
1606 2747 1736 2793 verba

159 2818 288 2864 edicti
318 2816 343 2874 ἓ
373 2816 414 2874 2,
443 2822 495 2863 ut
522 2818 637 2863 illius
667 2819 907 2864 sententiae
927 2817 1130 2863 dicendae
1158 2819 1338 2863 occasio.
1365 2817 1434 2862 111
1465 2817 1531 2875 18,
1560 2817 1587 2860 3
1616 2830 1738 2865 enar-

1419 2896 1460 2933 ⁷·
