2098 3256
867 141 1155 191 -oe-

215 259 379 327 ,periuri
408 263 583 309 nectens
610 273 707 308 cum
734 264 884 307 nostro
912 261 1054 308 rarius
1083 262 1294 308 convenit.
1305 263 1338 313 ¹)
1388 259 1670 307 Memorabile
1699 271 1802 306 vero

199 323 361 377 semi
388 330 675 376 testimonium
706 333 775 375 est
802 330 859 375 ad
876 330 983 375 Aen.
1010 330 1034 375 1
1067 328 1168 375 194:
1205 329 1425 386 „Partitur
1454 329 1686 375 Sallustius
1716 328 1802 373 ait:

4 375 18 446 ἐ
47 393 58 400 .
96 372 110 428 -Ι
171 400 175 406 ’
225 394 506 458 ,Boebicio-3
544 398 656 441 inter
694 412 739 441 ee
776 397 1055 455 partinet-ant.
1115 398 1224 444 Nam
1268 402 1312 444 et
1356 398 1497 454 partio
1542 402 1588 443 et
1631 397 1803 454 partior

228 467 431 524 ,dicimus
460 471 507 513 et
534 471 602 512 est
628 466 806 512 verbum
834 468 888 512 de
916 467 997 521 his,
1033 480 1144 523 quae
1175 479 1305 523 quum
1335 471 1561 523 utramque
1591 466 1803 544 recipiant

225 536 574 586 ..declinationem
602 548 681 592 pro
712 539 860 580 nostra
890 535 1126 591 voluntate,
1171 536 1334 580 activae
1364 539 1506 580 tamen
1535 538 1637 580 sunt
1667 534 1801 590 signi·

228 604 461 661 ,fiestionis
481 610 531 649 ut
548 604 693 660 pauiu,
723 606 891 658 punior,
920 603 1095 658 fabric0‚
1125 603 1325 657 fabricor,
1354 603 1453 648 labo
1484 602 1625 658 labor;
1656 616 1804 659 quam·

228 682 381 732 ,quam
418 673 651 719 tentaverit
678 671 873 718 Probus
912 672 1063 718 facere·
1092 670 1373 717 differentiam
1403 673 1516 718 inter
1544 672 1729 717 activam
1759 675 1804 717 et

229 742 467 797 „passivam
494 740 860 797 significationem,
897 745 946 785 ut
975 742 1165 785 dicamus
1196 745 1332 791 (recte
1362 741 1530 796 Suring.
1558 741 1587 785 L
1617 743 1646 786 l.
1674 742 1718 786 11
1750 739 1804 784 19

10 799 14 800 ⁷
37 788 47 792 -
81 808 84 809 ’
154 829 157 832 ·
228 812 365 865 „coni
394 809 593 866 dicimus)
622 810 781 855 tondeo
813 810 996 855 alterum
1026 810 1209 854 tondeor
1238 810 1293 854 ab
1312 810 1494 855 altero.“
1534 810 1803 855 Burmannus

221 879 266 925 h.
293 880 322 925 l.
351 879 520 934 relegat
559 891 639 923 nos
678 878 735 923 ad
773 878 900 922 Probi
940 878 1119 922 iunioris
1159 879 1298 922 locum
1337 878 1503 923 Cathol.
1544 891 1584 932 p.
1620 874 1728 920 1483
1757 878 1803 921 P.

221 947 306 1003 Qui
352 947 473 993 licet.
501 948 810 1005 quadamoenus
860 947 1098 992 consentiat
1145 959 1240 992 cum
1280 947 1448 1002 Servio,
1498 946 1613 991 illius
1662 950 1805 992 tamen

222 1011 488 1063 differentiae
529 1018 634 1061 nihil
673 1017 828 1062 habet:
872 1018 1090 1072 „Dicimus
1122 1021 1167 1061 et
1196 1018 1364 1071 partior
1392 1017 1472 1061 sub
1503 1018 1652 1061 eodem
1680 1016 1804 1060 intel·

224 1086 370 1141 „lectu
400 1086 633 1131 activitatis
673 1086 740 1130 vel
778 1085 896 1130 verbi
935 1086 1166 1131 communis
1203 1083 1393 1141 partior“
1432 1084 1523 1130 rell.
1596 1084 1664 1129 Ad
1705 1096 1803 1129 eum

107 1144 110 1148 ’
134 1175 139 1179 ·
221 1154 381 1211 igitur,
422 1167 549 1210 quem
584 1167 696 1198 nunc
732 1154 778 1198 in
805 1154 1000 1199 manibus
1029 1158 1244 1204 tenemus,
1291 1153 1482 1199 Probum
1513 1154 1687 1199 Servius
1717 1165 1803 1198 non

222 1223 472 1279 respexerit.
530 1223 596 1268 De
626 1224 858 1268 contractis
888 1226 1032 1267 autem
1061 1223 1128 1268 vel
1157 1223 1391 1268 decurtatis
1420 1222 1548 1267 huius
1577 1222 1699 1267 libris
1727 1234 1801 1267 res

223 1292 453 1338 admodum
480 1293 644 1338 incerta
673 1296 751 1337 est.
791 1293 936 1349 Atque
964 1292 1068 1337 mihi
1097 1293 1259 1337 arridet
1287 1293 1469 1337 maxime
1496 1291 1674 1348 Bergkii
1704 1304 1805 1336 sen-

223 1362 359 1408 tentia
387 1360 413 1406 l.
442 1362 471 1406 1.
500 1374 541 1417 p.
576 1359 655 1404 123
684 1366 796 1417 not.‚
837 1362 909 1418 qui
939 1362 1097 1412 omnia,
1135 1374 1245 1417 quae
1275 1362 1447 1407 Servius
1477 1361 1606 1406 Probi
1636 1361 1804 1406 nomine

222 1430 453 1486 inscripsit,
483 1430 714 1486 antiquiori
743 1430 917 1475 tribuit:
946 1430 1082 1475 multa
1112 1432 1224 1474 enim
1252 1434 1381 1485 certe,
1412 1430 1599 1475 dubitari
1627 1443 1713 1475 non
1731 1442 1806 1485 po-

221 1502 332 1554 test,
377 1499 480 1554 quin
508 1498 681 1543 Valerio
711 1498 850 1543 Probo
880 1499 1055 1555 Berytio
1085 1499 1365 1544 adscribenda
1396 1500 1493 1543 sint
1555 1499 1804 1544 Gonsensus

222 1570 368 1613 autem
397 1567 468 1612 ille
498 1567 635 1612 Servii
665 1571 710 1611 et
738 1567 865 1612 Probi
895 1568 1072 1612 iunioris
1102 1566 1226 1611 facile
1257 1568 1506 1623 explicatur,
1538 1569 1576 1612 si
1597 1561 1803 1613 Graefen-

221 1636 394 1683 hanium
422 1636 653 1692 sequimur,
683 1637 757 1691 qui
788 1636 915 1680 Probi
946 1649 1077 1692 opera
1105 1636 1308 1692 reliquias
1337 1638 1456 1681 varie
1484 1637 1799 1692 mutataequi·

222 1705 319 1751 dem
359 1708 405 1751 et
442 1705 487 1749 in
526 1704 697 1750 brevius
725 1709 970 1750 contractas
1000 1705 1164 1762 Berytii
1193 1705 1412 1750 habendas
1443 1718 1540 1751 esse
1569 1706 1803 1762 prudenter

221 1774 383 1819 iudicat
410 1773 473 1818 IV
503 1772 571 1818 77.
638 1773 800 1826 Quodsi
837 1774 971 1828 igitur
1009 1774 1207 1819 Valerius
1248 1774 1415 1819 Probus
1452 1776 1568 1829 apud
1608 1775 1804 1820 Servium

221 1842 521 1898 intelligendus
541 1845 620 1897 est,
650 1841 830 1886 multum
848 1841 1116 1898 profecimus.
1155 1844 1214 1887 At
1243 1842 1418 1898 nullum,
1447 1843 1627 1899 inquies,
1656 1855 1805 1888 eorum

223 1909 477 1960 verborum,
521 1911 576 1954 de
605 1910 759 1965 quibus
790 1910 954 1955 Gellius
983 1912 1095 1965 agit,
1141 1912 1311 1956 Servius
1341 1912 1500 1965 attigit.
1561 1912 1673 1956 Saue
1700 1923 1804 1955 vero

222 1979 352 2026 istam
393 1976 687 2024 difficultatem
723 1978 861 2024 solvet
894 1978 1071 2024 Nonius.
1130 1979 1212 2034 Qui
1240 1992 1282 2035 p.
1313 1978 1396 2022 317
1427 1992 1519 2036 sqq.
1550 1980 1604 2025 de
1632 1983 1805 2025 contra-

222 2049 300 2093 riis
330 2047 558 2103 generibus
588 2048 817 2092 verborum
853 2060 984 2103 agens
1015 2047 1142 2092 Gellii
1179 2049 1418 2103 exemplum
1447 2049 1691 2093 Plautinum
1722 2047 1746 2104 ξ
1777 2048 1802 2089 5

222 2118 395 2173 praeter
432 2116 570 2161 multa
606 2116 694 2162 alia
731 2115 864 2161 habet
901 2129 944 2172 p.
986 2114 1074 2160 319
1103 2129 1141 2161 a.
1183 2129 1216 2162 s.
1247 2130 1285 2161 v.
1317 2116 1579 2174 Contempla.
1639 2116 1803 2162 Gellius

171 2234 173 2236 ,
224 2185 323 2231 exin
352 2184 377 2241 5
412 2183 464 2228 10
493 2185 716 2230 adnotavit
755 2186 970 2230 assentior
1005 2199 1084 2241 pro
1122 2187 1339 2242 assentio,
1382 2187 1548 2231 Nonius
1577 2199 1618 2241 p.
1649 2183 1735 2228 319
1764 2199 1802 2230 a.

224 2252 463 2309 exemplum
499 2251 626 2299 affert
663 2266 696 2298 s.
725 2265 764 2299 v.
794 2254 1004 2309 assensit;
1050 2255 1200 2300 eodem
1239 2255 1364 2300 modo
1406 2259 1552 2301 noster
1588 2253 1806 2300 sacrificor

224 2326 270 2368 et
308 2320 525 2377 sacrifico,
573 2323 774 2378 pigneror
812 2327 856 2368 et
892 2325 1071 2379 pignero
1110 2324 1231 2368 iuxta
1269 2325 1449 2369 inveniri
1487 2325 1627 2368 innuit
1668 2322 1692 2379 ξ
1738 2322 1804 2377 10,

223 2390 389 2437 Nouius
420 2391 624 2447 exemplis
652 2391 809 2447 probat
837 2404 877 2447 p.
908 2390 991 2435 325
1022 2406 1061 2438 a.
1102 2396 1146 2438 et
1175 2391 1259 2436 326
1289 2392 1326 2437 b.
1387 2392 1506 2447 Quae
1534 2396 1679 2438 autem
1708 2391 1805 2438 Ser-

220 2460 318 2505 vius
361 2460 552 2505 laudavit
588 2460 743 2516 verba,
789 2474 874 2507 uno
905 2465 1083 2516 excepto
1112 2474 1263 2506 rursus
1292 2462 1458 2506 Nonius
1499 2462 1704 2517 exemplis
1734 2462 1808 2507 de·

140 2535 144 2538 ’
173 2562 177 2566 .
224 2531 438 2574 monstrat
466 2541 500 2573 s.
530 2541 570 2575 v.
598 2530 764 2585 partior
792 2543 834 2586 p.
864 2529 945 2573 321
968 2544 1023 2586 a.,
1053 2528 1136 2573 323
1166 2543 1228 2585 a.;
1260 2542 1293 2574 s.
1313 2541 1351 2575 v.
1381 2530 1538 2586 punior
1565 2543 1606 2587 p.
1637 2528 1724 2574 320
1752 2530 1807 2587 b.‚

311 2654 315 2659 ’
366 2662 393 2710 ¹)
427 2663 659 2711 contemplor
681 2665 773 2704 Gen.
796 2665 819 2714 ξ
842 2667 864 2701 2
911 2665 1026 2704 Prisc.
1049 2665 1071 2712 ξ
1096 2667 1138 2701 25

429 2731 599 2759 muneror
714 2748 733 2767 ‚
791 2722 814 2770 §
840 2723 883 2758 10
954 2749 971 2765 „
1048 2722 1069 2770 §
1094 2723 1139 2758 29

428 2777 600 2825 pigneror
718 2805 736 2824 ,
798 2779 883 2818 ibid.
954 2806 972 2824 .
1045 2779 1133 2818 ibid.

429 2836 611 2875 mentior
716 2863 734 2884 ,
796 2837 883 2877 ibid.
954 2864 973 2883 ‚
1045 2837 1067 2887 ξ
1091 2839 1148 2876 32.
