2098 3249
896 103 1183 160 ἐκ-ι-
1547 90 1622 178 γλ

833 228 884 273 h.
932 231 1007 275 De
1035 230 1235 277 Servio.

390 298 427 343 A
466 298 614 343 Servio
656 299 818 344 Gellius
862 299 1110 345 nominatim
1150 300 1351 346 laudatur
1390 299 1702 356 compluribus
1715 266 1847 351 loaisa:

249 365 389 411 Semel
418 379 564 411 omnes
595 366 730 413 Servii
759 368 925 414 codices
956 369 1251 425 consentiunt,
1290 369 1399 415 alias
1428 369 1483 414 ab
1513 382 1597 414 uno
1626 360 1850 419 Γ1111181181·
1893 425 1895 427 ,

248 435 317 481 vel
347 435 595 481 Cassellano
612 436 642 491 ¹)
688 438 781 483 eius
821 438 980 482 mentio
1020 443 1193 483 servata
1231 443 1310 482 est.
1368 439 1495 483 Illum
1538 440 1833 495 1088181888-

248 505 425 549 mittam.
484 504 704 550 Invenitur
732 505 788 549 ad
817 506 910 550 Aen
942 506 982 551 V
1003 504 1099 561 738,
1131 506 1203 550 ubi
1233 506 1289 551 ad
1318 506 1426 552 Gell.
1445 507 1511 552 111
1537 506 1563 549 2
1592 506 1831 562 respicitur.

249 572 436 617 Praeter·
447 573 633 617 Gellium
653 573 803 618 laudat
822 575 996 620 Servius
1018 575 1264 619 Ciceronem
1289 576 1333 619 111
1352 575 1629 630 auguralibus
1661 578 1705 620 et
1734 581 1835 621 eum

247 641 291 686 in
321 640 575 697 quibusdam
615 642 738 699 sequi
766 643 962 699 videtur,
1007 657 1137 699 quum
1156 664 1159 667 >
1178 643 1465 689 Athenienses
1502 643 1616 689 diem
1650 650 1680 688 a'
1706 646 1835 690 sexto}

248 710 333 754 diei
360 710 469 755 hora
499 708 773 766 'computasse
802 712 940 765 dicat,
984 716 1132 756 noster
1149 725 1218 767 „a
1246 712 1337 756 sole
1365 710 1559 765 occaso“,
1602 712 1738 768 idque
1751 711 1836 759 me

248 779 303 823 ad
335 779 571 835 Aegyptios
600 780 776 825 referat.
834 781 883 825 In
914 782 1160 826 universum
1201 785 1345 826 autem
1384 781 1490 832 satis
1515 780 1652 826 libere
1681 772 1845 841 nostros

248 860 353 891 usus
394 852 461 892 est
503 855 547 892 et
586 849 843 893 sententiam
884 850 1028 904 potius
1068 862 1196 905 quam
1234 850 1366 895 verba
1402 849 1598 895 reddidit.
1662 849 1832 905 Reliqui

247 915 348 966 loci,
378 920 427 960 ut
453 917 562 971 dixi,
593 911 638 961 in
669 917 915 962 Cassellano
938 922 1103 963 tantum
1133 918 1242 963 libro
1262 919 1477 975 leguntur,
1507 918 1686 974 ideoque
1711 918 1832 962 uncis

246 998 274 1029 8
293 985 537 1030 Burmanno
559 986 707 1031 inclusi
731 978 843 1031 81181.
885 987 991 1032 Gell.
1017 989 1058 1033 X
1085 987 1129 1030 11
1155 989 1313 1032 8118181·
1332 988 1386 1031 811
1407 986 1563 1043 Georg.
1583 988 1606 1031 I
1625 985 1721 1032 260.
1765 987 1832 1032 Ne

192 1087 196 1091 .
246 1053 316 1097 hic
336 1054 508 1109 quidem
529 1055 584 1099 ad
603 1055 780 1099 verbum
801 1055 1033 1101 scholiasta
1054 1056 1181 1101 Gellii
1201 1056 1339 1101 locum
1361 1057 1584 1111 expressit,
1610 1056 1686 1103 sed
1714 1056 1832 1103 varie

245 1123 440 1167 mutavit.
500 1123 659 1179 Nigidii
689 1124 841 1174 locum,
873 1125 916 1169 ni
944 1124 1082 1180 fallor,
1114 1128 1159 1169 et
1187 1124 1329 1179 ipsum
1359 1137 1412 1169 ex
1441 1124 1579 1169 Gellio
1609 1125 1832 1169 transtulit

246 1195 291 1237 et
320 1204 430 1247 quae
460 1193 575 1247 apud
612 1193 905 1238 Burmanuum
946 1197 1149 1249 tanquam
1178 1194 1409 1249 Nigidiana
1446 1194 1648 1248 leguntur
1687 1194 1832 1249 „quod

245 1260 343 1305 hinc
372 1260 501 1305 debet
529 1261 735 1317 intelligi“
767 1266 846 1307 etc.
873 1263 964 1307 sine
984 1254 1113 1307 dubio
1135 1262 1274 1308 Gellio
1304 1262 1527 1307 debentur.
1585 1262 1725 1307 Maior
1753 1262 1832 1307 ali·

247 1332 408 1386 quanto
440 1330 674 1375 similitudo
694 1330 845 1376 relicta
875 1334 942 1375 est
971 1331 1026 1376 ad
1057 1331 1160 1376 Aen
1180 1331 1263 1376 VII
1277 1328 1375 1385 640,
1406 1330 1479 1375 ubi
1499 1329 1663 1375 Gellius
1683 1330 1743 1382 VI
1762 1327 1832 1387 20,

246 1399 383 1454 ipsius
414 1400 584 1444 nomine
613 1400 774 1455 addito,
807 1401 863 1445 ad
893 1404 1042 1457 partes
1071 1404 1261 1446 vocatur.

385 1468 527 1523 Atque
557 1469 728 1524 integra
756 1469 860 1524 fere,
906 1474 957 1514 ut
985 1470 1067 1514 1108
1097 1469 1213 1525 1080,
1259 1469 1453 1513 Gelliana
1482 1440 1672 1513 exhibita
1702 1468 1833 1514 etiam

248 1537 345 1581 aliis
375 1536 480 1581 locis
511 1543 624 1592 sunt,
657 1538 811 1593 quibus
842 1543 986 1583 tamen
1006 1539 1146 1583 nostri
1176 1538 1473 1582 auctoritatem
1498 1550 1584 1581 non
1613 1536 1841 1592 professus>
1884 1526 1891 1534 ’

248 1609 316 1650 881
345 1604 601 1657 scholiasta,
648 1607 724 1649 sed
754 1607 847 1650 8018
887 1620 965 1650 808
1004 1606 1282 1650 similitudine
1321 1606 1375 1649 ad
1414 1618 1509 1649 eam
1547 1605 1833 1650 coniecturam

248 1675 456 1718 ducimur.
515 1673 621 1718 Geli.
652 1675 694 1718 II
725 1672 764 1730 6,
802 1675 835 1728 1,
882 1675 933 1719 81.
972 1675 1119 1719 Β8801.
1150 1675 1210 1719 VI
1241 1673 1306 1715 75.
1366 1673 1492 1717 Probi
1532 1672 1833 1727 interpretatio

247 1742 368 1787 verbi
397 1755 554 1788 vexare
584 1744 853 1799 proponitur,
886 1744 1035 1789 similis
1066 1744 1157 1789 sine
1187 1745 1377 1788 auctore
1394 1743 1508 1799 apud
1537 1741 1723 1787 Gellium
1753 1740 1834 1797 §5-

249 1811 333 1856 Sed
362 1811 471 1855 haec
501 1812 656 1856 similia
685 1816 865 1857 tantum.
925 1813 1044 1865 Quae
1085 1816 1228 1861 autem
1268 1815 1416 1856 assuta
1454 1811 1541 1855 11118
1580 1814 1702 1866 8881,
1746 1814 1835 1854 tam

249 1892 383 1936 prope
413 1880 469 1925 ad
500 1893 553 1925 ea
573 1880 794 1936 accedunt,
827 1894 937 1937 quae
957 1881 1072 1936 apud
1093 1880 1276 1925 Gellium
1296 1879 1511 1936 leguntur,
1541 1883 1591 1924 ut
1614 1891 1702 1923 non
1720 1880 1834 1923 uter·

248 1962 333 2004 que
364 1961 628 1993 communem
656 1949 830 2004 fontem,
873 1951 1007 1994 veluti
1037 1950 1243 2002 Probum,
1283 1949 1360 1992 sed
1389 1948 1621 2011 scholiasta
1651 1945 1835 1990 Gellium

249 2017 548 2072 compilavisse
577 2016 787 2062 videatur.
847 2018 942 2062 Uno
973 2031 1077 2069 sane
1108 2017 1179 2062 ille
1208 2020 1403 2061 nostrum
1433 2014 1625 2071 exemplo
1647 2017 1835 2070 superat,

250 2086 328 2130 sed
359 2098 435 2140 eo,
475 2086 589 2141 quod
621 2086 760 2141 quivis
790 2099 901 2130 unus
932 2087 1089 2130 addere
1119 2089 1302 2141 poterat.
1361 2085 1420 2128 Et
1450 2097 1560 2139 quae
1589 2083 1739 2147 eodem
1768 2094 1839 2126 ca-

250 2154 339 2209 pite
370 2153 536 2198 Gellius
568 2154 621 2198 de
651 2154 870 2199 inlaudato
902 2154 925 2209 ξ
949 2153 998 2196 10
1029 2157 1072 2198 81
1102 2154 1155 2198 de
1185 2153 1399 2210 squalenti
1429 2150 1627 2207 tunica.§
1658 2147 1709 2193 19
1729 2157 1835 2206 sqq.,

250 2223 433 2267 redeunt
462 2223 577 2276 apud
608 2222 803 2267 Servium
832 2224 887 2266 ad
918 2223 1073 2278 Georg.
1103 2224 1167 2266 III
1197 2221 1245 2276 4,
1287 2222 1392 2265 Α811.
1424 2222 1466 2264 Χ
1496 2218 1580 2261 314
1615 2220 1740 2274 10818,
1781 2219 1838 2263 de

251 2290 407 2346 quibus
439 2290 603 2334 Gellius
634 2291 737 2345 egit.
797 2291 867 2335 Sic
896 2290 1122 2335 manifesto
1164 2302 1374 2334 consensu
1404 2288 1590 2333 Gellium
1620 2291 1839 2345 auctorem

252 2359 460 2415 produnt,
503 2372 613 2415 quae
644 2360 697 2404 118
726 2359 968 2405 discrimine
1005 2363 1229 2405 matronae
1260 2362 1305 2403 et
1334 2357 1484 2402 matris
1512 2356 1696 2401 familias
1726 2342 1841 2400 dicta

252 2431 353 2472 sunt
383 2430 437 2472 ad
468 2429 571 2473 Aen.
601 2429 664 2473 XI
694 2427 791 2484 476,
836 2429 887 2473 81.
918 2428 1026 2473 Gell.
1057 2428 1202 2473 XVIII
1233 2426 1271 2477 6,
1317 2430 1361 2470 81
1391 2427 1444 2470 de
1479 2424 1757 2481 praepetibus
1786 2423 1842 2468 ad

399 2613 428 2655 ¹)
451 2611 507 2647 De
525 2611 734 2649 Cassellano
751 2610 983 2656 eiusdemque
1000 2609 1221 2647 recensionis
1238 2608 1434 2653 codicibus,
1458 2607 1519 2652 qui
1543 2607 1705 2644 Servium
1727 2605 1841 2646 multo

256 2668 456 2705 auctiorem
480 2667 726 2714 tradiderunt,
749 2679 857 2713 quam
879 2667 994 2703 maior
1017 2677 1103 2712 pars
1125 2666 1284 2712 reliqua,
1308 2664 1507 2710 disputavit
1529 2675 1646 2709 nuper
1669 2663 1711 2719 G.
1737 2662 1842 2699 Thilo

254 2729 292 2762 in
316 2726 367 2762 M.
383 2725 452 2762 Rh.
469 2726 514 2763 N.
531 2720 618 2763 XIV
645 2728 668 2761 4
691 2737 727 2773 p.
751 2727 819 2763 550
840 2725 1088 2771 adsensusque
1112 2729 1169 2762 est
1191 2723 1335 2762 Danieli
1359 2727 1488 2760 contra
1511 2722 1744 2769 scaligerum,
1767 2730 1842 2757 non

255 2787 405 2821 truncos
429 2792 509 2820 esse
533 2782 726 2830 plerosque
748 2782 871 2830 libros,
894 2782 961 2820 8111
984 2781 1232 2820 Casuellanum
1255 2779 1524 2827 interpolatum.
1857 2785 1860 2787 ·
