2098 3261
919 111 1209 159 ..ae-

270 230 356 280 ιιι-ι
390 229 491 278 utri
523 200 678 290 Qt
687 226 741 272 13
769 231 817 276 et
848 227 901 272 ιι
930 228 987 275 aa
1026 230 1212 278 emm
1231 233 1458 278 mmm
1485 240 1686 282 remum
1712 174 1860 297 ψ

273 297 1305 359 mus,mediumrelinqnimnsorbatumc.14.
1362 294 1858 353 Quodeide'mvalerio

274 356 421 416 Probo
450 365 654 421 tribuere,
682 365 723 411 si
750 365 899 424 aliquo
928 366 1024 412 inre
1048 367 1215 423 liceret,
1244 367 1301 414 ab
1328 367 1423 424 ipsa
1439 365 1661 412 vicinitate
1678 368 1862 429 apparet

273 437 366 483 fore
402 430 759 482 commendatum
818 435 953 493 Atqui
992 438 1180 482 externis
1219 436 1391 492 quidem
1431 434 1690 485 testimoniis
1715 444 1862 489 cansa
1954 426 1959 430 '
2093 450 2098 516 3

273 505 349 562 agi
375 516 489 549 nnnc
518 515 606 547 non
633 505 794 559 puteat,
833 504 938 559 qnia
965 501 1217 548 Priscianus
1248 507 1292 548 et
1320 502 1551 549 Diomedes
1578 514 1658 547 nos
1688 494 1860 556 silentio

273 571 529 625 destituunt.
586 569 754 616 Nonius
781 584 826 627 p.
857 569 913 615 ⁷5
944 571 983 616 b.
1014 584 1050 616 s.
1081 586 1119 617 v.
1161 572 1307 627 exigor
1343 570 1474 619 exilia
1510 573 1681 616 tantum
1708 568 1860 626 affert,

271 651 385 697 quae
423 639 684 686 documento
723 652 822 686 esse
860 641 906 685 in
945 646 1139 686 neutram
1175 645 1341 697 partem
1379 643 1574 696 possunt.
1636 639 1883 688 Μ.
1980 630 1985 634 ’
2015 626 2043 680 st
2088 616 2098 690 ’ἕ

271 712 420 754 autem
451 709 516 755 rei
547 713 847 766 argumentum
878 713 922 755 et
951 711 1076 765 quasi
1105 710 1223 755 filum
1252 711 1289 754 si
1318 713 1533 765 putamus,
1562 708 1733 755 vinculo
1750 719 1859 774 quo·
1948 721 1956 728 ·

272 778 373 823 dam
399 776 513 822 baec
541 778 772 823 coniuncta
800 780 901 822 sunt
929 789 1025 821 cum
1054 778 1130 828 iis,
1175 790 1286 833 quae
1327 778 1371 821 in
1410 770 1684 822 antecedenti
1716 776 1860 833 me

274 844 612 902 exponebantur.
672 844 718 891 Si
747 845 858 890 enim
889 845 995 890 illud
1024 845 1100 890 tibi
1132 858 1283 901 parum
1313 845 1451 890 simile
1478 845 1695 900 videatur,
1745 844 1861 900 qnod
1920 869 1922 872 ·

273 916 426 959 nostro
465 913 564 959 loco
603 913 656 957 de
693 911 823 958 verbo
864 906 1014 968 exigor
1052 912 1338 968 personaliter
1376 915 1583 969 usurpato
1612 911 1859 969 quaeritur,

273 994 310 1028 c·
346 979 398 1025 13
428 980 454 1038 ἓ
483 978 511 1024 9
541 981 595 1026 de
632 979 769 1027 forma
808 993 920 1037 quae
960 984 1110 1025 contra
1146 982 1494 1026 consuetudinem
1523 982 1626 1026 siue·
1645 992 1857 1036 personae

272 1049 643 1095 demonstratione
678 1049 824 1101 posita
863 1049 922 1093 sit
957 1050 1162 1104 ¹,veritum
1203 1048 1311 1104 est‘,
1356 1061 1553 1094 recurras
1593 1051 1767 1105 oportet
1803 1048 1860 1094 ad

274 1118 557 1172 Priscianum,
587 1116 662 1173 qui
688 1115 719 1161 l.
748 1115 853 1161 VIII
882 1115 906 1173 §
937 1115 994 1158 24
1022 1130 1063 1172 p.
1096 1115 1194 1172 391,
1226 1115 1283 1160 24
1311 1118 1366 1162 Η.
1398 1130 1493 1163 cum
1522 1117 1607 1162 illis
1644 1117 1862 1167 coniunxit

275 1185 576 1244 quaestionem
604 1184 658 1229 de
688 1185 918 1230 structuris
954 1185 1133 1241 „doceor
1161 1185 1461 1240 rhetoricam“,
1511 1197 1711 1241 ,moneor
1738 1185 1862 1231 iusti·

271 1252 423 1309 tiam&
481 1254 650 1303 Rursus
684 1265 789 1299 vero
829 1254 1021 1311 exempla
1062 1259 1211 1300 nostro
1241 1253 1332 1300 loco
1365 1267 1417 1299 ex
1446 1254 1758 1311 antiquioribus
1787 1266 1862 1311 pe·

279 1324 362 1370 tita
397 1326 500 1369 sunt
533 1316 715 1368 Metello
750 1321 974 1368 Numidico
1019 1327 1063 1367 et
1102 1323 1311 1378 Caecilio,
1358 1327 1402 1368 et
1440 1335 1623 1379 graecae
1662 1323 1862 1379 dictionis

273 1393 540 1450 comparatio
561 1390 846 1451 εἶσεπράξπό
869 1406 929 1450 με
957 1391 1165 1451 ἀργύριον
1196 1405 1280 1437 non
1307 1392 1447 1437 aliena
1473 1393 1643 1437 videtur
1661 1405 1688 1437 a
1707 1390 1862 1452 Probo,

274 1462 314 1507 si
342 1465 464 1507 recte
492 1461 533 1506 ei
563 1473 695 1515 snpra
722 1459 854 1505 tribui
885 1460 947 1505 VI
976 1459 1017 1516 9,
1048 1460 1071 1516 ξ,
1107 1460 1172 1505 13.
1194 1460 1223 1516 ¹)
1281 1460 1351 1505 Ita
1384 1460 1520 1515 probe
1558 1460 1751 1516 intelligo
1784 1459 1864 1506 bo·

275 1542 371 1574 rum
399 1528 701 1591 gravissimum
732 1540 830 1573 esse
860 1532 1161 1584 argumentum
1191 1528 1296 1573 illud
1327 1541 1380 1573 ex
1408 1528 1628 1574 vicinitate
1658 1528 1863 1584 petitum

273 1610 414 1656 neque
445 1600 589 1645 tamen
619 1596 834 1652 idipsum
864 1596 948 1642 vile
976 1597 1213 1653 putandum
1242 1600 1323 1652 est,
1352 1610 1491 1654 neque
1511 1596 1678 1654 reliqua
1706 1597 1864 1651 nullius

275 1667 491 1715 momenti.
537 1689 593 1698 —
638 1665 840 1712 Strictius
880 1678 1009 1722 qnam
1045 1666 1151 1712 haec
1179 1679 1275 1712 cum
1306 1666 1381 1712 illo
1409 1666 1503 1712 loco
1531 1666 1612 1714 XV
1641 1679 1677 1712 c.
1712 1665 1763 1710 13
1794 1678 1866 1716 co·

275 1736 470 1791 haerent.
515 1748 628 1792 quae
658 1734 824 1780 Gellius
854 1735 908 1779 de
939 1735 1081 1781 verbis
1111 1736 1338 1791 agentibus
1368 1736 1638 1791 passivorum
1666 1735 1760 1781 loco
1787 1748 1865 1792 po·

275 1804 374 1849 sitis
400 1802 546 1850 XVIII
579 1801 631 1845 12
662 1803 922 1859 disputavit,
968 1806 1015 1848 et
1053 1802 1134 1848 hoc
1173 1803 1267 1848 loco
1309 1803 1347 1847 si
1386 1803 1473 1847 ullo
1514 1803 1598 1849 alio
1636 1804 1863 1860 vestigium
1960 1805 1962 1807 ’

275 1874 419 1917 exstat
449 1866 667 1915 ordinis'a
696 1870 837 1915 Gellio
867 1872 1015 1915 dedita
1044 1884 1177 1926 opera
1204 1872 1373 1921 mutati,
1403 1872 1457 1915 de
1487 1884 1572 1927 quo
1602 1872 1669 1915 vd.
1700 1871 1866 1917 Merck-

274 1940 347 1986 lin.
376 1953 418 1997 p.
452 1938 549 1986 705.
607 1934 801 1985 Exorans
832 1940 945 1985 enim
974 1940 1036 1985 sic
1066 1942 1155 1985 est:
1200 1940 1272 1996 „Id
1302 1948 1472 1997 quoque
1500 1938 1695 1985 habitum
1724 1942 1792 1989 est
1819 1939 1868 1985 in'

281 2009 503 2066 „oratione
531 2008 729 2054 facienda
758 2009 1000 2065 elegantiae
1028 2021 1187 2064 genus,
1231 2011 1281 2053 ut
1320 2021 1396 2064 pro
1435 2007 1578 2053 verbis
1606 2008 1864 2055 habentibus

282 2078 498 2136 ‚patiendi
536 2076 718 2134 figuram
758 2078 931 2134 agentia
967 2082 1187 2134 ponerent
1193 2083 1212 2100 ‘⁵
1273 2077 1397 2122 Unde
1433 2077 1469 2122 si
1500 2077 1596 2134 quis
1627 2080 1865 2134 exspectat,

277 2148 323 2193 in
352 2147 637 2197 antecedenti
653 2147 795 2203 capite
824 2147 878 2192 de
907 2146 1122 2204 elegantia
1151 2147 1296 2204 aliqua
1324 2147 1536 2193 sermonis
1565 2147 1650 2203 agi,
1687 2146 1864 2195 fallitur

277 2217 413 2261 Immo
453 2219 651 2281 spectant
688 2215 796 2262 baec
834 2220 986 2273 aperte
1026 2216 1081 2261 ad
1121 2217 1302 2261 alteram
1330 2216 1447 2261 illam
1476 2215 1866 2272 commutationem,

279 2298 367 2344 qua
410 2286 578 2342 antiqui
621 2285 901 2343 deponentia,
947 2298 1059 2342 quae
1102 2289 1323 2340 vocantur,
1369 2286 1509 2331 activa
1553 2283 1865 2340 significatione

277 2353 558 2410 usurpabant
601 2354 694 2399 Iam
713 2354 769 2399 ad
789 2367 916 2411 quem
936 2349 1169 2411 demi-tam,
1197 2355 1329 2410 vides,
1358 2354 1416 2401 ad
1434 2354 1655 2400 Valerium
1666 2353 1865 2411 Probum.

278 2423 421 2481 Atque
450 2423 696 2469 Priscianus
725 2423 755 2470 1.
784 2424 888 2469 VIII
919 2423 944 2481 ᾗ
975 2423 1029 2466 25
1067 2437 1160 2481 sqq.
1198 2423 1377 2469 similem
1415 2423 1710 2480 quaestionem
1738 2436 1763 2468 e
1792 2435 1866 2470 su-

422 2594 450 2637 ¹)
484 2594 660 2632 rortaase
683 2595 783 2641 apud
806 2595 1035 2632 Priscianum
1065 2605 1207 2640 quoqne
1238 2602 1391 2641 graecae
1413 2593 1731 2639 interpretationes
1755 2593 1866 2631 Probi

275 2662 468 2702 habendae
514 2666 618 2711 sunt,
669 2662 692 2701 1.
731 2663 821 2715 VIII
859 2665 883 2712 s
931 2666 974 2701 15
1014 2673 1089 2712 sqq
1138 2662 1360 2707 „auxiliatus
1381 2648 1651 2714 eoqdqdele‘
1654 2686 1667 2711 ‚
1724 2661 1865 2704 adulati

278 2719 649 2773 inmte-⁸

2030 3107 2065 3126 ⁶3*ae—
2088 3109 2098 3124 ,ἕ
