2098 3261
875 167 934 178 -
991 141 1050 187 96
1104 167 1165 179 -
1563 136 1586 166 Χ

221 260 491 317 praefatione
520 258 604 316 56.
664 259 830 305 Deinde
858 258 933 304 ubi
964 258 1202 304 Caesellius
1221 258 1313 304 sine
1341 256 1452 303 libro
1480 255 1707 312 laudatur
1716 254 1815 309 ulii·
1862 249 1865 251 ’
1889 286 1893 289 «

222 342 302 375 nos
332 329 503 379 easdem
532 329 738 373 lectiones
768 327 1069 383 inteiligemus
1109 328 1176 373 De
1203 329 1440 402 stromateo
1471 325 1594 371 enim
1603 314 1815 377 Μ
1909 313 1923 375 's
2016 370 2023 382 ,
2072 335 2089 386 ζ

222 398 337 453 apud
360 397 625 442 Priscianum
645 395 771 441 obvio
802 410 845 451 p.
865 394 950 439 685
972 397 1020 440 Ρ.
1042 394 1141 445 210,
1173 395 1297 450 7H.;
1329 408 1369 451 p.
1391 392 1543 439 696Ρ.
1563 390 1663 450 230,
1687 389 1814 437 1111.
1865 423 1889 431 ,.
2012 389 2027 423 Ξ

222 466 260 509 si
290 465 388 521 quis
417 464 606 520 cogitet,
652 464 850 521 equidem
879 476 976 509 cum
1006 464 1181 509 Osanno
1211 462 1345 520 symb.
1373 462 1417 508 11
1446 458 1544 512 330.
1574 454 1812 507 Ritsebelio

223 534 318 578 Par
349 534 371 577 I
401 530 500 587 360,
530 532 849 577 Graefenhanio
878 533 939 577 IV
964 530 1033 586 68,
1065 532 1239 577 titulum
1268 533 1451 577 alterum
1480 530 1710 576 lectionum
1737 539 1812 577 an·
1881 546 1883 549 ·
1976 502 2023 561 {²

220 603 461 659 tiquarum,
500 601 656 646 librum
698 601 878 646 eundem
919 600 1069 646 babeo.
1127 602 1218 646 Iam
1249 604 1422 657 oportet
1460 599 1591 645 altius
1620 600 1812 659 repetam
1840 635 1842 637 .

221 672 540 728 quaestionem,
587 685 716 728 quam
745 685 877 727 supra
906 672 1035 727 attigi
1066 673 1119 716 ad
1151 672 1373 725 Scaurum,
1418 672 1472 715 de
1500 682 1583 715 usu
1613 667 1812 713 Caesellii
1886 704 1893 721 ,Α
1982 645 2023 721 J

221 740 336 795 apud
376 738 576 784 Gellium.
636 739 919 784 Mercklinum
961 739 1072 784 enim
1111 739 1295 783 vidimus
1336 737 1518 783 Caeselli
1555 736 1813 782 mentionem
1849 789 1851 791 v

221 807 361 853 ubivis
392 808 564 853 aliunde
593 808 789 853 derivare
816 809 886 853 vel
914 821 942 852 a
970 809 1173 853 Terentio
1201 808 1363 854 Scauro
1392 807 1461 852 vel
1490 806 1545 851 ab
1573 804 1811 861 Apollinari

222 875 425 932 Sulpicio,
455 877 623 921 duabus
652 877 773 921 illum
802 878 973 933 quidem
1002 879 1143 922 causis
1165 877 1340 922 ductum
1369 887 1409 932 p.
1440 872 1546 920 658:
1585 877 1678 919 tum
1706 872 1811 937 quia

223 945 473 1001 plerumque
506 945 764 990 Caesellium
793 946 1127 1000 reprehenderet
1154 945 1332 1001 Gellius,
1362 945 1536 1000 cognita
1564 946 1709 989 autem
1737 941 1812 987 ha-

222 1013 391 1058 buisset
420 1014 580 1068 scripta
610 1013 800 1068 illorum,
841 1015 914 1069 qui
946 1013 1146 1058 Caesellii
1188 1025 1356 1058 errores
1395 1011 1609 1069 persecuti
1645 1012 1812 1065 essent;

224 1087 316 1126 tum
346 1081 402 1125 ob
432 1081 588 1125 librum
607 1081 797 1125 Vindicis
828 1093 1038 1136 nusquam
1060 1081 1207 1125 addito
1237 1081 1336 1125 libri
1367 1092 1546 1124 numero
1575 1078 1810 1123 laudatum.

224 1149 306 1195 Cui
335 1150 373 1193 si
403 1148 632 1205 obloquor,
678 1149 722 1193 id
751 1149 848 1207 nolo
880 1162 1038 1204 negare
1083 1149 1278 1205 potuisse
1306 1147 1422 1205 fieri,
1465 1151 1515 1192 ut
1544 1154 1719 1203 praeter
1746 1158 1813 1204 ea,

223 1230 334 1274 quae
364 1216 530 1262 Gellius
559 1217 645 1261 illis
675 1218 843 1262 duobus
864 1218 1067 1262 Caesellii
1097 1219 1355 1263 adversariis
1385 1219 1479 1273 ipse
1503 1217 1656 1262 tribuit
1682 1215 1728 1261 11
1760 1213 1813 1258 16

223 1289 269 1330 et
297 1285 361 1330 XI
395 1283 460 1338 15,
491 1284 576 1329 alia
606 1286 740 1330 tacite
768 1284 1007 1341 adoptaret.
1066 1285 1150 1330 Sed
1179 1298 1397 1342 nunquam
1426 1297 1524 1330 eum
1557 1285 1613 1330 ad
1643 1283 1814 1330 Caesel·
1849 1279 1853 1283 ’

222 1354 327 1399 Ιίιιιιι
358 1355 499 1409 ipsum
531 1354 723 1409 rediisse,
754 1367 838 1410 quo
859 1355 951 1399 solo
971 1354 1250 1400 fundamento
1270 1355 1517 1400 coniectura
1545 1354 1626 1398 niti
1655 1356 1811 1409 potest,

224 1420 423 1467 diffiteor.
484 1422 746 1477 Argumento
787 1424 899 1467 enim
939 1420 1066 1467 ducto
1107 1436 1160 1467 ex
1188 1424 1347 1468 omisso
1385 1422 1486 1467 libri
1520 1434 1696 1467 numero
1725 1429 1813 1465 non

151 1511 158 1518 ·
223 1494 394 1536 tantum
424 1490 581 1547 tribuo,
612 1495 820 1546 quantum
845 1492 1128 1547 Mercklinus3
1160 1491 1277 1536 velut
1299 1491 1461 1547 Nigidii
1489 1490 1813 1536 commentario·

223 1572 321 1605 rum
350 1559 516 1604 Gellius
545 1563 752 1615 quattuor
780 1561 885 1605 locis
911 1561 1076 1605 addidit
1105 1573 1342 1610 numerum,
1374 1559 1439 1604 bis
1465 1559 1685 1615 quaternis
1714 1558 1816 1603 reti-

224 1628 335 1684 cuit,
366 1640 499 1683 saepe
528 1628 668 1672 solum
698 1628 916 1683 Nigidium
947 1628 1125 1674 laudare
1155 1629 1263 1673 satis
1292 1627 1454 1673 habuit.
1514 1626 1813 1672 consideranti

223 1709 326 1743 vero
367 1697 613 1742 accuratius
652 1710 717 1743 ex.
746 1711 807 1753 gr.
838 1698 865 1741 l.
896 1697 958 1743 VI
988 1696 1029 1755 2,
1073 1697 1146 1743 ubi
1185 1697 1351 1743 Gellius
1388 1696 1644 1742 Caesellium
1674 1695 1816 1746 elusit,

225 1771 303 1812 aut
332 1767 625 1822 impudentiae
657 1772 805 1812 noster
834 1769 1097 1813 accusandus
1128 1769 1234 1823 erit,
1275 1772 1351 1812 aut
1380 1768 1556 1823 proprio
1584 1767 1726 1811 Marte
1754 1765 1815 1810 vi-

225 1835 401 1880 debitur
429 1847 620 1880 errorem
649 1836 764 1880 illius
795 1837 1088 1892 indagavisse:
1134 1840 1302 1881 tantum
1330 1835 1572 1881 mehercule
1600 1834 1817 1890 gaudium,
1901 1833 1907 1839 ”
1933 1816 1937 1820 ἢ
1967 1812 1971 1816 ’

225 1907 373 1948 tantus
404 1907 473 1966 est
501 1905 631 1958 risus,
662 1908 785 1949 tanta
804 1906 964 1949 inventi
995 1905 1154 1949 erroris
1175 1905 1419 1950 ostentatio.
1469 1905 1534 1949 Ac
1563 1906 1668 1959 puta
1687 1902 1817 1948 Scau-

225 1984 323 2017 rum
353 1975 399 2016 et
427 1971 718 2027 Apollinarem
741 1972 869 2017 Gellii
899 1973 1103 2030 aequales
1130 1972 1220 2018 fere
1248 1985 1363 2018 esse:
1395 1985 1482 2029 quo
1501 1978 1646 2017 autem
1673 1973 1817 2016 aetate

224 2042 464 2096 propioreS,
505 2053 555 2085 eo
585 2041 806 2096 vulgatior
841 2042 1047 2086 librorum
1086 2054 1191 2086 usus
1227 2045 1332 2086 erat.
1391 2042 1581 2095 Quorum
1619 2040 1657 2084 si
1687 2051 1815 2095 quem
1885 2052 1909 2077 κ
1997 2044 2001 2046 ”
2029 2036 2050 2052 ’·

222 2110 310 2155 isto
339 2110 466 2154 modo
499 2110 830 2164 compilavisset,
860 2109 1022 2155 furtum
1042 2111 1321 2155 commisisset
1350 2110 1431 2155 sub
1451 2110 1637 2154 omnium
1667 2107 1814 2154 oculis.

223 2178 327 2233 Nec,
357 2179 499 2232 credo,
532 2179 717 2223 alienam
743 2181 1000 2224 sententiam
1031 2181 1068 2223 si
1098 2180 1201 2224 nihil
1229 2180 1344 2224 aliud
1371 2193 1499 2236 quam
1528 2178 1815 2234 repetivisset,

224 2246 407 2291 dixisset
435 2250 586 2292 nostro
617 2247 711 2292 loco
742 2247 766 2304 ς
801 2247 873 2292 10;
921 2248 1108 2304 „Horum
1136 2261 1339 2294 versuum
1368 2259 1522 2294 seusus
1551 2250 1682 2305 atque
1710 2246 1815 2292 ordo

227 2316 334 2372 ¹,sic‚
365 2316 566 2370 opinor,
596 2316 701 2360 est.⁸
728 2338 782 2347 -—
803 2317 896 2360 Iam
916 2317 969 2361 de
991 2318 1169 2372 singulis
1192 2318 1295 2362 locis
1314 2330 1452 2372 pauca
1472 2316 1669 2361 addenda
1697 2318 1817 2365 sunt3

224 2396 333 2441 quos
364 2384 595 2440 plerosque
627 2398 679 2430 ex
709 2384 920 2431 Caesellio
946 2386 1042 2441 ipso
1069 2386 1285 2444 derivabo‚
1316 2387 1419 2443 quia
1448 2386 1502 2431 de
1530 2385 1669 2431 altero
1697 2383 1816 2429 fonte

224 2453 406 2508 cogitari
437 2454 609 2508 quidem
639 2458 805 2509 potest,
845 2454 1020 2509 probari
1050 2454 1167 2499 nihil.
1197 2455 1243 2499 Π
1276 2454 1339 2509 16,
1372 2454 1397 2497 5
1428 2455 1482 2499 de
1511 2452 1693 2509 Vergilii
1721 2452 1815 2497 loco

226 2521 443 2566 sententia
471 2533 498 2565 a
530 2521 716 2576 Sulpicio
746 2523 984 2578 Apollinari
1014 2525 1203 2568 reicitur.
1263 2524 1390 2568 Hunc
1417 2535 1521 2568 sane
1550 2521 1690 2567 locum
1718 2531 1816 2566 cum

222 2588 531 2645 probabilitate
562 2591 618 2635 ad
648 2591 940 2646 Apollinarem
969 2605 1172 2637 revocare
1201 2604 1443 2648 possumus,
1484 2591 1558 2647 qui
1586 2590 1642 2635 de
1670 2601 1723 2635 eo
1750 2588 1816 2634 di·

224 2661 430 2715 sputasse
460 2657 726 2714 perhibetur.
756 2661 822 2706 111
854 2653 923 2717 16,
955 2660 1003 2704 11
1038 2674 1150 2717 quae
1169 2660 1370 2707 Caesellii
1397 2660 1485 2705 sint
1506 2659 1630 2706 facile
1657 2658 1815 2705 discer-

224 2741 318 2786 nas,
348 2730 457 2774 item
485 2728 547 2773 VI
576 2727 617 2785 2,
660 2730 684 2786 g
713 2729 742 2771 4
772 2734 816 2776 et
845 2730 885 2775 5.
945 2730 1136 2776 Transeo
1180 2732 1236 2776 ad
1264 2729 1327 2776 IX
1367 2728 1434 2786 14,
1464 2729 1506 2776 6.
1563 2727 1818 2775 Arctissiiue

223 2810 323 2844 cum
359 2796 442 2844 hoc
481 2798 625 2854 capite
665 2801 935 2845 coniunctum
975 2812 1073 2845 esse
1111 2799 1173 2846 IV
1206 2797 1278 2855 16,
1321 2798 1416 2852 ubi,
1461 2802 1512 2844 ut
1546 2802 1698 2845 nostro
1720 2797 1816 2844 loco
