2098 3261
920 127 1207 189 -eo-

272 257 355 306 326
387 278 445 318 a.;
496 276 528 307 s.
559 276 598 308 v.
628 263 814 319 fabricor
844 278 884 319 p.
916 258 1001 306 320
1026 262 1068 327 1)
1122 256 1270 317 Quare
1312 265 1356 308 in
1392 269 1489 308 eam
1529 261 1681 308 trahor
1714 256 1853 323 suspi

270 333 444 381 cionem,
470 337 673 387 magnam
704 337 873 387 partem
907 331 1036 377 Probi
1069 329 1414 378 observationum
1444 333 1486 375 in
1517 323 1643 376 Nonii
1673 319 1718 376 fa
1769 385 1781 396 ⁴
1803 322 1854 365 ’ἓ

270 410 366 445 nem
395 401 634 444 transiisse.
693 401 862 445 Nemini
894 403 1005 446 enim
1034 400 1171 455 facile,
1214 415 1324 456 quae
1353 400 1423 445 ille
1455 390 1747 454 congesserat,²
1776 397 1852 444 ae·

270 469 461 524 ceptiora
505 476 633 524 quam
678 469 819 514 Nonio
864 469 1051 514 fuerunt.
1111 470 1237 525 Apud
1280 468 1463 514 Gellium
1502 467 1603 513 vero
1635 459 1854 519 Valerium

270 536 455 580 Probum
498 537 697 587 subesSe‚
743 543 967 591 praeterea
1006 539 1239 593 persuadet
1269 537 1416 582 eadem
1446 537 1520 581 illa
1551 527 1782 609 multitud&
1804 539 1855 580 'et

268 606 507 661 antiquitas
540 607 847 662 exemplorum,
877 617 989 662 quae
1020 607 1202 651 solutius
1235 609 1549 651 enumerantur.

410 673 762 723 Gommemorabo
808 677 994 730 denique
1036 675 1116 718 hoc
1160 676 1251 719 loco
1293 676 1586 730 quaestionem
1630 671 1856 736 quandam,

270 742 464 796 quamvis
495 741 652 786 timide.
709 742 774 787 IV
811 744 858 784 17
891 744 943 787 de
980 743 1125 787 littera
1156 744 1169 787 i
1201 743 1367 798 agitur?
1413 744 1589 798 eiusque
1629 742 1673 785 in
1711 734 1855 785 verbis

269 810 433 865 obicio,
479 813 640 855 conicio
679 812 886 855 similibus
917 812 959 854 vi
990 812 1246 865 producendi
1284 811 1606 855 antecedentem
1636 802 1855 865 syllabam:

271 877 549 922 Grammatici
581 882 863 933 agnoscentes
894 872 1065 933 quidem
1096 878 1212 921 illam
1243 880 1255 921 i
1287 879 1457 922 litterae
1479 882 1686 931 naturam,
1716 876 1856 932 ipsam

268 954 443 990 causam
473 958 558 990 non
589 947 768 991 multum
798 952 1074 1001 curaverunt,
1115 948 1190 990 sed
1223 947 1310 991 vice
1341 946 1613 1005 consonantis
1643 943 1856 998 interdum

268 1012 390 1069 fungi
420 1026 516 1058 eam
546 1020 808 1059 asseverant.
869 1015 1058 1067 Quorum
1090 1016 1328 1059 sententiae
1360 1017 1490 1059 etiam
1521 1016 1571 1068 is,
1609 1015 1681 1070 qui
1713 1006 1858 1058 01111111-

267 1083 416 1125 tudine
446 1085 633 1137 proxime
665 1084 788 1127 abest
818 1097 844 1127 a
865 1083 1016 1137 Gellio,
1049 1083 1256 1127 adhaeret
1277 1083 1449 1128 Servius
1471 1084 1524 1127 ad
1545 1085 1651 1127 Aen.
1682 1082 1742 1128 IV
1757 1078 1857 1126 459.

268 1151 430 1196 Gellius
469 1156 611 1196 autem
650 1164 823 1196 causam
860 1153 1150 1207 productionis
1193 1165 1289 1196 esse
1319 1155 1334 1196 i
1366 1153 1578 1207 geminam
1619 1146 1856 1206 docet-§7

267 1224 310 1263 et
345 1219 407 1261 1,).
469 1220 605 1272 Quam
643 1222 881 1264 doctrinam
922 1221 1086 1264 Probus
1125 1221 1237 1274 apud
1278 1221 1398 1264 Serv.
1439 1222 1544 1263 Aen.
1575 1220 1598 1264 Ι
1642 1220 1658 1260 1
1703 1219 1856 1270 innuit

270 1300 395 1342 quem
426 1289 565 1330 locum
594 1288 769 1342 Berytio
801 1292 917 1331 recte
946 1288 1175 1331 vindicavit
1205 1288 1420 1342 Bergkius
1451 1288 1478 1331 l.
1510 1288 1536 1331 l.
1569 1299 1609 1342 p.
1647 1285 1724 1328 123
1746 1288 1857 1331 nota

280 1356 471 1410 „Probus
510 1357 572 1400 ait
610 1356 802 1411 Troiam,
849 1355 1002 1400 Graios
1049 1361 1092 1400 et
1136 1357 1245 1400 Aiax
1289 1369 1372 1400 non
1413 1357 1569 1400 debere
1614 1369 1691 1410 per
1733 1359 1861 1400 unam

275 1424 311 1478 „i
343 1423 509 1468 scribi.“
570 1425 627 1467 Et
646 1423 793 1479 Bergk
824 1424 862 1467 si
893 1428 1043 1468 contra
1065 1425 1295 1479 Osannum‚
1329 1426 1402 1481 qui
1433 1426 1486 1469 ad
1517 1426 1726 1469 iuniorem
1753 1422 1859 1469 haec

267 1493 431 1547 retulit,
461 1495 637 1548 monuit,
676 1493 793 1537 illum
825 1495 868 1537 in
899 1494 1005 1537 Inst.
1035 1495 1056 1537 Ι
1087 1492 1126 1543 2,
1159 1493 1184 1536 3
1215 1495 1267 1538 de
1298 1490 1612 1549 pronuntianda
1643 1493 1801 1549 duplici
1830 1495 1858 1546 i,

268 1561 520 1605 Servianum
550 1562 604 1605 de
634 1561 857 1606 scribenda
887 1563 1158 1617 praecipere,
1206 1562 1369 1607 Gellius
1411 1569 1507 1607 cum
1536 1561 1616 1606 hoc
1646 1557 1860 1619 consentit

268 1628 292 1683 ξ
329 1628 398 1672 12;
455 1631 677 1684 „Secunda
716 1631 828 1673 enim
863 1630 1010 1674 littera
1045 1631 1088 1673 in
1125 1631 1192 1674 his
1222 1632 1365 1674 verbis
1404 1644 1480 1685 per
1510 1631 1593 1674 duo
1624 1627 1637 1673 i
1670 1630 1755 1673 111111
1783 1638 1862 1684 per

271 1710 429 1745 „unum
470 1697 753 1742 scribenda
793 1698 897 1742 est.“
961 1698 1073 1741 Illud
1113 1699 1272 1743 rectius
1309 1703 1459 1743 contra
1487 1711 1555 1742 me
1585 1698 1670 1742 dici
1700 1694 1857 1753 potest,

268 1768 384 1821 apud
414 1767 608 1811 Servium
639 1768 712 1822 agi
743 1767 796 1811 de
826 1768 840 1811 i
871 1767 1018 1811 littera
1047 1768 1265 1811 vocalibus
1298 1769 1514 1822 utrimque
1551 1768 1710 1822 cincta,
1754 1759 1859 1828 Gelss

267 1833 372 1878 lium
403 1840 575 1889 praeter
607 1836 846 1889 exemplum
878 1836 1150 1891 aliquatenus
1181 1836 1319 1880 simile
1348 1837 1507 1891 proicit
1537 1835 1580 1891 (ξ
1617 1834 1688 1885 15)
1719 1831 1858 1890 aliena

263 1902 438 1957 afferre,
485 1907 534 1947 ut
575 1904 707 1948 obicit
746 1904 837 1948 rell.
899 1904 1018 1948 Haec
1060 1918 1163 1949 sane
1200 1905 1316 1949 haud
1344 1903 1571 1949 mediocris
1603 1907 1670 1948 est
1700 1897 1856 1949 (118111ῑο

262 1974 433 2027 panna,
476 1985 553 2017 nec
582 1974 871 2025 intercedam,
912 1974 950 2016 si
983 1975 1080 2027 quis
1113 1975 1233 2018 malit
1264 1974 1450 2027 Sulpicio
1482 1973 1717 2027 Apollinari
1748 1971 1772 2027 ς
1794 1969 1853 2013 11

266 2040 441 2085 laudato
474 2040 583 2095 plus,
616 2051 744 2095 quam
774 2041 916 2084 innuit
946 2044 1106 2096 noster,
1138 2040 1340 2085 tribuere.

407 2110 663 2154 Perventum
695 2113 762 2153 est
792 2110 847 2152 ad
872 2123 944 2159 ea,
978 2124 1089 2165 quae
1121 2111 1285 2168 Gellius
1315 2124 1394 2164 per
1423 2123 1662 2154 sermonem
1692 2110 1858 2164 accepit

266 2189 293 2219 a
322 2176 451 2220 Probi
492 2176 788 2220 familiaribus.
849 2176 911 2220 Ac
955 2179 1139 2232 primum
1184 2190 1331 2222 eorum
1377 2177 1585 2234 originem
1631 2174 1855 2223 ostendam

265 2246 462 2291 Suetonii
491 2247 585 2290 loco
617 2258 648 2289 c.
682 2245 750 2289 24.
817 2245 921 2298 „Hic
960 2247 1168 2299 (Probus)
1206 2259 1291 2290 non
1333 2252 1421 2290 tam
1461 2247 1695 2299 discipulos
1726 2247 1855 2300 quum

269 2316 530 2367 „sectatores
563 2313 727 2367 aliquot
755 2311 917 2356 habuit.
977 2312 1207 2369 Nunquam
1238 2314 1347 2358 enim
1380 2313 1443 2358 ita
1472 2313 1635 2370 docuit,
1676 2316 1737 2357 ut
1761 2320 1854 2364 ma·

270 2383 418 2437 „gistri
447 2394 675 2437 personam
706 2382 951 2426 sustineret
1003 2382 1144 2427 Unum
1173 2384 1241 2427 vel
1272 2384 1467 2436 alterum,
1498 2382 1568 2427 vel
1599 2388 1729 2443 quum
1758 2382 1853 2438 pln-

269 2451 425 2506 „rimus
464 2454 554 2495 tres
596 2453 673 2494 aut
713 2453 920 2506 quattuor
956 2452 1303 2505 postmeridianis
1338 2450 1473 2497 horis
1488 2450 1714 2496 admittere
1743 2441 1855 2498 sole

271 2521 383 2575 „,bat
415 2521 660 2576 cubansque
690 2523 805 2566 inter
834 2522 983 2575 longos
1015 2534 1065 2565 ac
1092 2523 1292 2576 vulgares
1314 2529 1534 2566 sermones
1554 2521 1701 2575 legere
1715 2521 1854 2576 quae·
1894 2528 1903 2538 ·

267 2590 390 2645 „dam
420 2589 551 2645 idque
582 2588 795 2644 perraro.“
861 2589 973 2633 Ecce
1003 2594 1197 2646 apparet,
1242 2590 1356 2634 unde
1386 2588 1563 2634 subtilia
1591 2588 1665 2633 illa
1692 2589 1852 2636 iudicia

262 2661 315 2704 de
356 2659 613 2714 scriptorum
653 2658 780 2704 locis.
834 2670 943 2713 quae
983 2659 1038 2702 ad
1069 2659 1254 2703 Probum
1295 2658 1565 2712 referuntur,
1611 2657 1850 2704 manarint:

264 2740 374 2784 quae
405 2739 537 2785 quum
567 2726 732 2771 Gellius
762 2726 829 2771 bis
860 2740 913 2772 ex
941 2726 1141 2781 familiari
1170 2729 1262 2779 eius
1292 2728 1314 2771 I
1346 2725 1412 2782 15,
1444 2725 1509 2782 18,
1540 2720 1645 2788 XIII
1675 2725 1744 2784 21,
1785 2740 1850 2773 se·

263 2796 348 2842 mel
389 2810 441 2842 ex
475 2796 697 2856 discipulis
736 2809 784 2842 se
815 2798 1076 2851 comperisse
1105 2798 1244 2848 dicata
1268 2802 1432 2846 ,utrum
1470 2797 1640 2843 metius
1669 2798 1749 2853 sit,
1797 2810 1851 2844 cx
