2098 3263
5 736 25 778 ς
705 689 1129 780 INDEX.

696 922 733 970 I.
805 921 1123 969 Prolusiones.
1634 974 1697 1010 Q

107 1070 110 1071 ⁷
135 1025 157 1073 §
184 1025 213 1061 1.
261 1023 495 1061 Coniecturas
526 1022 570 1059 de
602 1022 753 1067 singulis
783 1022 990 1058 auctoribus
1022 1021 1262 1058 moderandas
1287 1030 1367 1057 esse
1391 1031 1436 1056 ex
1460 1030 1528 1056 usu
1553 1024 1660 1065 atque

262 1080 507 1118 familiaritate
532 1089 654 1117 eorum
664 1105 1656 1116 .................................................................
1684 1082 1705 1114 3

137 1140 159 1187 ξ
183 1143 216 1177 2.
265 1138 415 1185 Saepius
438 1138 562 1175 licebit
585 1138 708 1183 capita
732 1138 902 1174 continua
925 1137 1038 1174 eidem
1063 1136 1201 1174 auctori
1218 1136 1401 1173 vindicare
1405 1161 1659 1171 .................
1686 1138 1710 1172 4

139 1198 161 1245 ξ
188 1198 220 1232 3.
268 1196 417 1242 Singula
440 1196 560 1241 capita
584 1195 702 1241 quoad
725 1195 849 1231 licebit
873 1195 920 1230 ad
943 1204 1052 1230 unum
1077 1198 1260 1230 auctorem
1284 1193 1487 1230 revocanda
1511 1197 1627 1229 sunt..
1651 1195 1707 1229 .6

340 1264 373 1289 a.
420 1253 490 1289 Ubi
512 1253 635 1298 plures
658 1256 825 1287 auctores
849 1252 1660 1287 laudantur..
1687 1253 1709 1286 6

333 1310 364 1345 b.
411 1309 481 1345 Ubi
505 1309 552 1344 ad
576 1308 715 1353 singula
739 1312 865 1343 auctor
887 1307 1057 1342 laudatur
1066 1332 1657 1341 .......................................
1687 1309 1706 1340 9

332 1378 363 1403 c
412 1366 466 1403 De
490 1365 662 1411 exemplis
679 1365 922 1410 grammaticis
927 1390 1659 1400 ................................................
1667 1366 1708 1399 10

136 1423 158 1471 ξ
181 1425 215 1459 4.
265 1424 319 1460 De
343 1424 561 1460 Graecorum
584 1433 653 1459 usu
677 1427 713 1459 et
735 1422 889 1459 lectione
893 1447 1656 1457 ..................................................
1666 1424 1702 1456 11

136 1480 158 1528 ξ
181 1482 213 1516 5.
262 1480 315 1517 De
340 1480 386 1515 A.
411 1479 515 1517 Gellii
538 1479 608 1516 fide
620 1505 1658 1515 ...................................................................
1666 1482 1706 1513 13

138 1536 160 1583 ξ
185 1537 217 1571 6.
266 1537 321 1573 De
346 1536 480 1572 citandi
503 1536 658 1573 ratione.
681 1562 1241 1571 .....................................
1243 1544 1247 1547 “
1249 1558 1658 1571 ...........................
1666 1539 1705 1571 15

333 1604 366 1629 a.
412 1595 454 1627 In
476 1593 666 1628 laudandis
690 1593 857 1628 librorum
882 1593 996 1628 titulis
1001 1616 1594 1629 .......................................
1594 1597 1610 1629 ἲ
1611 1596 1706 1642 ...25

331 1651 366 1686 b.
414 1654 456 1685 In
479 1651 781 1697 transscribendis
805 1651 1024 1694 scriptorum
1048 1651 1137 1686 locis
1141 1674 1656 1685 ..................................
1640 1653 1706 1684 18
2081 1685 2083 1688 ,

138 1705 160 1753 ξ
185 1707 217 1742 7.
266 1706 321 1745 De
345 1694 569 1744 sermonibus
592 1706 690 1751 apud
713 1708 759 1742 A.
784 1706 937 1744 Gellium
941 1733 1656 1742 ...............................................
1660 1709 1702 1742 21

139 1762 162 1810 δ
185 1764 217 1800 8.
265 1763 320 1801 De
343 1763 502 1809 vestigiis
526 1763 632 1802 Gellii
657 1764 753 1809 apud
778 1765 997 1810 posteriores
1023 1765 1704 1810 grammaticos.........................27

333 1831 367 1858 a.
415 1821 470 1857 De
494 1821 680 1858 Macrobio
684 1847 1659 1858 ................................................................
1663 1824 1706 1855 27
2094 1836 2098 1884 ¹2

331 1877 367 1913 b.
415 1879 471 1914 De
496 1878 616 1915 Servio
622 1902 1642 1915 ..................................................................
1662 1880 1708 1914 28
2094 1886 2098 1925 ᾗ

334 1945 364 1969 c.
414 1935 468 1971 De
492 1935 609 1972 Nonio
633 1936 806 1973 Marcello
819 1961 1656 1973 .......................................................
1660 1938 1703 1971 29
2083 1927 2098 2014 1

0 2026 16 2084 ἐξ
345 2018 404 2065 ΙΙ.
476 2019 550 2066 De
586 2020 645 2067 A.
686 2018 825 2067 Gellii
861 2021 1130 2067 auctoribus
1167 2022 1481 2082 grammaticis

0 2114 24 2136 ·“
768 2102 1047 2162 disquisitio
2077 2094 2098 2156 ’ἶ

150 2178 181 2211 1.
229 2176 397 2212 Timaeus
408 2201 1656 2213 ..................................................................................
1660 2177 1704 2213 38

0 2232 31 2280 ζι
149 2234 182 2266 2.
227 2232 1369 2270 Euchdes
1369 2259 1656 2269 ...................
1660 2235 1703 2269 39

149 2288 185 2321 3.
227 2288 472 2324 Aristarchus.
521 2292 552 2323 4.
601 2291 726 2328 Crates
729 2315 1655 2326 ............................................................
1661 2292 1704 2327 39

15 2344 30 2356 ”“
151 2346 183 2380 5.
230 2344 285 2379 Μ.
310 2344 458 2381 Porcius
483 2346 571 2383 Cato
575 2371 1654 2384 .......................................................................
1660 2348 1703 2385 39

0 2399 34 2449 ζ,ἶ--
101 2438 117 2448 u
149 2402 197 2437 6.
232 2400 276 2438 L.
252 2402 435 2454 Accius
437 2427 1655 2439 ................................................................................
1660 2406 1704 2440 40

0 2466 33 2522 {a
154 2458 188 2494 7.
233 2457 277 2503 Q.
300 2458 446 2495 Mucius
478 2460 650 2496 Scaevola
653 2486 1133 2497 ...............................
1139 2493 1141 2495 .
1141 2486 1655 2497 ..................................
1660 2464 1705 2498 40

150 2516 183 2551 8.
234 2516 278 2556 L.
302 2516 429 2555 Aelius
453 2517 543 2554 Stilo
546 2544 1656 2556 .........................................................................
1660 2522 1700 2556 41

0 2576 43 2619 232
151 2574 187 2609 9.
234 2573 405 2611 Aurelius
429 2575 568 2621 Opilius
576 2602 1655 2613 .......................................................................
1660 2579 1701 2613 41

2 2653 6 2660 ‚
131 2631 183 2667 10.
230 2627 417 2669 volcatius
440 2633 624 2679 Sedigitus
627 2660 1657 2671 ....................................................................
1659 2637 1705 2670 42

5 2707 39 2737 q
84 2704 98 2712 ν
124 2688 184 2724 11.
232 2687 376 2726 Servius
398 2688 569 2727 Claudius
578 2717 1626 2728 .....................................................................
1649 2694 1704 2727 ,42

91 2778 100 2784 ,
132 2746 175 2781 12
233 2744 405 2783 Manilius
408 2772 646 2785 ................
649 2744 662 2785 “.
667 2774 1656 2786 .................................................................
1659 2750 1705 2783 44

0 2821 19 2867 ⁸-
61 2815 77 2839 ,ο
130 2803 184 2838 13.
231 2801 1029 2849 Hypncrates.
1033 2833 1212 2845 ............
1214 2852 1217 2854 q
1219 2833 1350 2845 .........
1347 2799 1355 2806 “
1432 2831 1658 2845 ..............
1660 2807 1705 2840 44
