2098 3255
810 123 1101 167 -21-

175 257 178 261 ·
216 278 219 281 Α
302 240 445 297 Atque
474 242 519 286 in
547 241 693 304 priore
718 240 1004 297 mutationum
1032 253 1192 296 genere
1219 240 1401 295 defendi,
1432 240 1477 287 in
1505 241 1646 286 altero
1676 253 1745 287 ex·

116 318 118 320 ’
146 320 304 370 mari
334 310 486 357 saltem
517 312 675 367 poterit
704 308 891 362 Gellius;
931 309 1211 356 acerbissima
1239 314 1383 355 autem
1413 309 1746 366 reprehensione

162 372 338 435 (lignum
367 383 456 431 est,
502 380 616 435 quod
645 378 857 424 interdum
887 391 991 422 suae
1020 378 1255 423 inserviens
1285 392 1442 424 causae
1472 379 1602 424 etiam
1631 392 1744 425 com·

162 446 324 504 misit,¹
345 451 396 492 ut
437 455 634 494 auctores
680 451 984 502 corrumperet.
1044 446 1177 491 Cuius
1217 448 1406 493 levitatis
1443 448 1744 493 documentum

99 555 103 558 .
163 514 298 573 edidit
333 516 378 560 in
416 517 542 561 Plinii
580 516 730 560 eodem
770 516 843 560 illo
872 516 988 570 loco,
1036 516 1109 571 qui
1139 529 1236 560 eum
1266 519 1315 560 ut
1344 517 1427 561 alio
1458 517 1588 561 etiam
1617 517 1744 561 modo

94 596 98 606 ²
160 594 316 635 &vero
343 583 602 639 deflecteret,
633 584 866 638 invitabat,
894 584 923 628 l.
953 584 1036 628 Vll
1067 582 1121 626 36
1155 585 1277 640 „Ipse
1307 585 1350 629 in
1379 584 1565 640 Africa“,
1603 586 1742 642 inquit

2 647 16 685 ’ἓ
35 666 49 686 ψ·
101 693 112 697 „
161 651 348 709 Plinius,
398 654 509 709 „vid-i
539 657 751 698 mutatum
780 654 824 697 in
854 666 1015 698 marem
1046 655 1290 708 nuptiarum
1319 654 1387 698 die
1416 655 1466 699 L.
1495 654 1742 703 Cossitium,

162 721 325 776 „civem
354 722 730 779 Thysdritanum“.
788 723 870 767 Hic
900 722 1063 768 Gellius
1094 723 1156 766 IX
1185 722 1226 778 4,
1261 723 1310 764 15
1348 735 1434 778 quo
1464 724 1627 768 scilicet
1654 736 1742 767 ma-

161 790 293 834 iorem
324 792 388 835 rei
416 790 543 835 fidem
571 791 744 846 faceret,
775 791 939 835 addidit
969 791 1093 846 quasi
1122 791 1247 835 Plinii
1276 790 1429 835 verba:
1460 791 1743 846 „vivebatque

161 870 317 915 „quum
345 860 569 914 proderem
598 859 743 908 haec“‚
774 860 893 903 cuius
923 860 1146 905 varietatis
1177 860 1221 903 in
1248 859 1373 903 Plinii
1402 852 1618 904 codicibus
1648 859 1742 903 nul·

154 926 260 972 lum·
289 927 515 982 vestigium
559 931 749 982 apparet.
833 928 926 971 Hoc
984 940 1064 982 ego
1114 940 1246 970 unum
1301 926 1439 971 adhuc
1491 927 1743 971 manifestae

159 994 323 1040 fraudis
354 995 591 1050 exem-plum
622 995 783 1050 inveni;
814 1008 891 1039 nec
920 996 1056 1040 multa
1075 1000 1301 1050 praeterea
1320 995 1582 1050 deprehendi
1602 1008 1741 1050 posse,

160 1064 310 1119 quovis
341 1064 594 1108 contendam
625 1065 818 1118 pignore.
879 1064 963 1107 Sed
1007 1063 1220 1108 sublevari
1264 1064 1363 1108 inde
1409 1063 1536 1107 Gellii
1580 1065 1742 1108 crimen

158 1134 212 1174 ut
240 1132 402 1186 opiner,
434 1131 557 1187 longe
589 1132 748 1174 absum.

895 1279 993 1333 §Z

489 1362 562 1410 De
600 1361 893 1410 sermonibus
929 1360 1054 1423 apud
1090 1361 1148 1408 A.
1189 1358 1405 1409 Gellium.

295 1475 434 1527 Quum
465 1487 516 1518 ea
546 1487 657 1528 quae
687 1474 824 1518 adhuc
844 1474 897 1518 de
915 1486 1033 1517 more
1055 1473 1183 1518 Gellii
1203 1473 1528 1528 disputavimus,
1558 1473 1739 1517 maxime

159 1543 213 1589 ad
243 1543 477 1598 scriptores
507 1556 533 1587 a
562 1543 699 1587 Gellio
730 1542 944 1587 adhibitos
973 1543 1239 1597 pertineant:
1276 1546 1454 1597 excepta
1482 1543 1557 1586 illa
1587 1555 1742 1597 quaes·

158 1611 276 1657 tione
305 1610 358 1654 de
387 1610 473 1655 fide
502 1611 725 1666 scriptoris
746 1611 884 1665 magis
903 1611 1108 1665 generali,
1143 1623 1270 1665 quam
1291 1623 1373 1653 non
1394 1610 1551 1654 licebat
1570 1609 1741 1654 differre

157 1679 340 1739 diutius:
384 1691 495 1722 nunc
525 1679 578 1723 de
608 1679 674 1733 iis,
720 1691 831 1733 quae
861 1678 1130 1733 grammatici
1161 1678 1276 1732 apud
1307 1677 1492 1722 Gellium
1522 1681 1740 1733 exponunt

116 1782 119 1785 ⁴
157 1749 420 1803 praesentes,
462 1748 660 1802 quaestio
690 1747 893 1796 imminet,
923 1747 1138 1800 momenti,
1180 1749 1229 1789 ut
1260 1746 1459 1796 arbitror,
1489 1745 1606 1789 haud
1636 1758 1741 1790 sane

157 1814 347 1860 minoris.
405 1815 525 1860 Adeo
567 1816 677 1860 enim
716 1828 810 1860 cum
840 1816 1040 1860 universa
1069 1815 1251 1859 fontium
1281 1815 1615 1870 investigatione
1645 1827 1742 1860 con-

157 1883 302 1927 iuncta
332 1887 410 1937 est,
442 1888 491 1927 ut
518 1884 625 1928 haec
655 1885 768 1927 iuste
798 1884 963 1928 absolvi
992 1884 1068 1927 illa
1098 1884 1296 1938 neglecta
1325 1896 1410 1927 non
1439 1884 1591 1938 possit.

296 1952 433 2007 Supra
463 1953 547 1997 iam
568 1953 752 1997 Gellium
783 1965 835 1997 ex
863 1953 998 2009 ipsius
1017 1952 1160 1996 verbis
1190 1953 1465 2008 cognovimus
1495 1965 1579 1996 non
1598 1952 1740 1997 solum

158 2032 266 2074 quos
296 2019 476 2075 legendo
508 2022 583 2065 sed
613 2023 742 2065 etiam
772 2034 880 2076 quos
911 2022 1120 2065 audiendo
1152 2021 1317 2072 fructus
1351 2022 1626 2075 percepisset,
1669 2033 1745 2064 no-

165 2087 306 2134 ctibus
327 2088 482 2132 Atticis
507 2089 629 2132 nobis
650 2089 893 2133 tradidisse.
933 2090 1085 2144 Itaque
1107 2102 1237 2144 quum
1266 2092 1439 2144 praeter
1469 2089 1742 2144 quaestiones

163 2155 218 2200 ab
247 2156 343 2210 ipso
373 2157 619 2211 institutas,
665 2157 871 2211 descripti
900 2158 1079 2201 aliorum
1108 2169 1328 2201 sermones
1358 2160 1604 2211 occurrant,
1646 2157 1741 2200 illas

162 2222 277 2269 solas
307 2236 360 2268 ex
388 2224 509 2269 libris
541 2224 754 2279 profectas
785 2237 881 2269 esse
910 2225 1074 2280 putarit
1104 2225 1329 2280 quispiam,
1369 2224 1437 2269 his
1467 2227 1611 2269 autem
1641 2236 1742 2268 con-

158 2293 312 2348 tineri,
356 2305 467 2347 quae
506 2297 743 2336 memoratu
779 2293 909 2348 digna
946 2293 1143 2339 audierit.
1206 2294 1263 2336 At
1292 2292 1535 2336 intercessit
1563 2292 1742 2337 Dirkse-

159 2361 256 2406 nius
275 2361 319 2417 ¹),
351 2362 420 2406 cui
441 2375 521 2416 ego
542 2375 665 2416 nunc,
700 2375 831 2417 quum
861 2361 1058 2406 secundis
1080 2361 1192 2406 curis
1213 2361 1506 2416 quaestionem
1527 2364 1676 2415 repeto
1691 2363 1743 2416 ²),

302 2511 330 2553 ¹)
368 2511 411 2546 L.
435 2510 459 2546 1.
483 2521 518 2555 p.
543 2512 582 2546 9:
623 2508 692 2546 fflie
716 2509 992 2554 fflefptdcbeform
1018 2513 1072 2545 bet
1096 2507 1315 2554 marstessung
1345 2507 1497 2552 ετῖῴείιιί
1529 2508 1579 2544 sei
1605 2507 1744 2544 ΘεΠίιιο

160 2574 227 2601 nur
253 2565 544 2612 ouencbtnemelse
576 2566 712 2613 bebingt
738 2568 833 2611 hurd)
859 2567 910 2603 bie
934 2565 1115 2610 <infletum
1138 2564 1389 2612 ffieranluffnng
1419 2567 1474 2602 bet
1499 2563 1744 2611 augetufipften

162 2622 385 2669 wettanus.
433 2623 486 2662 3η
512 2627 572 2660 ben
596 2623 728 2667 meisten
752 2624 871 2665 &auen
903 2623 941 2667 ist
976 2623 1017 2666 ste
1042 2624 1117 2659 bles
1145 2622 1284 2669 gufdssig
1309 2626 1380 2659 nub
1407 2623 1595 2664 miutfltud)
1620 2622 1745 2667 hethei:

163 2677 334 2779 ‘senfin-²)
368 2735 488 2773 Primo
520 2748 587 2782 ego
617 2737 710 2775 hanc
742 2737 986 2784 quaestionem
1018 2736 1132 2783 attigi,
1166 2747 1276 2782 quum
1300 2735 1483 2774 seminarii
1505 2736 1629 2782 philol.
1653 2735 1742 2780 Gry-

163 2792 289 2839 phisw.
314 2792 458 2830 sodalis>
472 2804 599 2832 essem.
