2098 3261
866 141 1124 191 -εΤ-

126 301 129 302 ⁷
208 275 329 321 sqqs
361 261 442 308 Ab.
463 262 545 310 hoc
582 266 745 318 autem,
796 273 923 318 quem
951 260 1111 316 insigni
1129 259 1353 304 ,modestia
1381 257 1683 314 reverebatur,
1731 256 1789 315 ad

208 329 317 379 alios
346 331 530 386 Gellium
559 332 802 386 desiluisse,
844 325 899 374 ab
929 329 1040 381 omni
1069 328 1272 373 abhorret
1299 327 1394 372 fide.
1455 326 1591 372 Simili
1619 326 1787 383 ratione

119 392 126 404 ⁴
188 386 313 445 v'llaec
341 400 456 445 dicta
485 404 586 444 sunt
614 401 635 444 1
670 397 734 453 13,
772 398 822 440 10
854 398 926 453 „Is
957 397 1138 441 Crassus
1169 408 1195 440 a
1224 396 1476 451 Sempronio
1496 394 1714 446 Asellione
1742 397 1789 439 et

205 469 450 525 „plerisque
489 470 585 516 aliis
621 468 829 513 historiae
858 468 1077 510 Romanae
1110 464 1391 520 scriptoribus
1420 464 1659 518 traditan-“3
1709 475 1787 507 nec

205 538 376 593 longius
404 538 583 583 discedit
611 539 673 582 IX
705 536 743 592 7,
774 535 801 577 5
833 549 988 591 „quam
1005 548 1094 579 rem
1125 538 1169 578 et
1198 534 1270 577 alii
1298 534 1379 577 viri
1410 533 1524 578 docti
1555 536 1602 577 et
1631 532 1784 577 Sueto-

206 607 332 661 „niu's
361 607 500 653 etiam¹
520 605 792 660 Tranquillus
823 605 865 648 in
895 603 1004 647 libro
1043 602 1232 646 ludicrae
1268 602 1474 646 historiae
1504 602 1641 656 primo
1671 599 1785 645 affir-

205 673 363 731 „mat.“
421 675 503 720 Ubi
540 678 739 719 auctores
775 673 957 716 habendi
998 674 1099 715 sunt
1138 672 1279 725 priore
1319 670 1412 713 loco
1443 670 1560 713 solus
1589 670 1786 725 Sempro-

6 709 21 723 γ
44 723 80 746 “”
134 763 137 765 -
204 743 323 796 nius,
367 743 503 788 altero
533 744 595 796 is,
641 743 761 787 cuius
792 746 836 786 et
864 730 1018 785 nomen
1050 745 1093 783 et
1123 737 1276 783 librum
1306 739 1506 794 prodidit,
1551 738 1785 786 Suetonius

204 812 490 867 Tranquillus.
550 812 684 855 Paulo
729 814 874 855 autem
917 808 1167 864 explicatius
1211 807 1451 860 complures
1496 807 1700 851 indicavit
1744 807 1785 851 X

206 877 285 934 26;
334 892 417 935 quo
448 884 590 923 tamen
619 880 713 923 loco
753 892 806 924 ne
837 879 934 933 quis
965 875 1205 931 dubitaret,
1250 876 1436 930 providit
1478 875 1584 931 ipse.
1644 875 1786 930 Verba

205 946 332 991 Gellii
360 947 465 991 haec
494 951 615 991 sunt:
648 948 825 1001 „Asinio
857 945 1038 989 Pollioni
1068 946 1111 988 in
1142 944 1325 999 quadam
1356 943 1542 999 epistula
1571 956 1699 1000 quam
1728 945 1785 989 ad

204 1016 432 1069 „Plancum
460 1016 654 1070 scripsit,
695 1019 738 1059 et
768 1015 1023 1070 quibusdam
1065 1013 1160 1057 aliis
1192 1013 1238 1057 C.
1269 1012 1461 1056 Sallustii
1490 1012 1673 1067 iniquis,
1714 1013 1782 1056 di·

202 1096 358 1140 „gnum
387 1088 488 1128 nota
517 1084 654 1127 visum
685 1080 778 1127 est“
809 1095 846 1127 e.
879 1095 920 1136 q.
952 1095 987 1126 s.
1046 1081 1211 1125 Deinde
1252 1080 1275 1134 ς
1307 1079 1333 1121 2
1363 1079 1536 1135 „Verba
1564 1080 1661 1135 ipsa
1691 1080 1784 1125 Sal·

201 1152 320 1197 lustii
365 1150 547 1207 posuit“,
593 1164 768 1202 numero
814 1152 1044 1206 singulari,
1089 1150 1112 1205 ἓ
1157 1148 1185 1190 4
1229 1152 1393 1194 rursus
1424 1162 1602 1193 numero
1641 1150 1784 1194 multi-

202 1214 362 1265 tudinis
403 1220 594 1275 „aiunt“,
644 1220 720 1263 sed
763 1220 891 1273 paulo
936 1223 1034 1273 post
1077 1217 1276 1273 „inquit“
1317 1217 1341 1272 ξ
1377 1217 1404 1260 5
1444 1218 1668 1272 ,‚putavit“
1704 1230 1783 1262 nec

202 1288 326 1342 lenge
354 1287 465 1332 infra
496 1286 723 1341 „negant“.
782 1287 981 1331 Varietas
1013 1299 1115 1329 sane
1144 1286 1274 1334 mira,
1322 1286 1399 1329 sed
1437 1298 1548 1341 quae
1580 1285 1782 1334 facillime

203 1361 353 1408 nostra
395 1357 562 1407 ratione
606 1356 854 1410 explicetur.
912 1356 1238 1399 Animadvertas
1269 1356 1399 1408 enim,
1444 1354 1688 1409 ubicunque
1730 1355 1785 1399 de

200 1423 314 1471 facto
344 1423 485 1479 aliquo
515 1427 634 1468 certo
664 1426 841 1478 agatur,
882 1423 1142 1478 singularem
1173 1423 1227 1467 ad
1257 1422 1394 1466 solum
1423 1422 1619 1467 Asinium
1646 1423 1783 1478 perti·

203 1496 374 1545 nentem
403 1493 500 1553 legi,
531 1496 681 1538 contra
710 1493 918 1548 pluralem
948 1493 1141 1547 inveniri,
1183 1493 1257 1537 ubi
1287 1497 1541 1548 argumenta
1569 1496 1784 1548 ponantur

203 1562 431 1617 generalia.
489 1561 649 1606 Locum
678 1561 869 1610 Sallustii
898 1554 1009 1605 unus
1040 1562 1231 1616 posuit
1260 1561 1457 1614 Asinius,
1503 1565 1622 1607 certa
1650 1561 1782 1606 verba

203 1631 337 1676 edidit
365 1644 490 1674 nemo
520 1633 693 1685 praeter
721 1631 833 1675 hunc
854 1632 1046 1677 eundem.
1093 1631 1177 1675 Sed
1206 1632 1421 1685 dignum
1450 1635 1584 1675 nota·
1604 1632 1780 1676 visum

201 1702 287 1752 est
316 1699 523 1753 omuibus,
568 1701 722 1744 aiunt
750 1700 950 1753 universi,
997 1701 1136 1744 cuncti
1166 1703 1380 1754 negant
1440 1699 1604 1757 Quare,
1644 1700 1682 1744 si
1712 1712 1781 1744 me

202 1768 337 1823 andis,
377 1770 593 1817 auctorem
623 1766 813 1828 Gellius
817 1771 994 1827 secutus
1021 1772 1088 1827 est
1116 1768 1310 1811 Asinium
1334 1767 1783 1828 PolEpQfflD2,mli-
1792 1778 1801 1840 f

203 1849 383 1891 quorum
412 1837 686 1890 mentionem,
731 1840 782 1880 ut
818 1837 863 1880 in
894 1822 1089 1881 omnibus
1126 1825 1202 1881 his
1224 1825 1352 1891 locis,
1398 1843 1475 1881 aut
1515 1851 1568 1881 ex
1606 1841 1800 1896 auctore}

176 1962 179 1966 ,
202 1916 280 1955 suo
319 1905 645 1960 transsumpsit,
692 1908 768 1950 aut
806 1905 899 1961 ipse
928 1905 1077 1961 copiae
1107 1905 1327 1950 cuiusdam
1355 1918 1487 1951 causa
1516 1906 1570 1951 de
1599 1919 1681 1951 suo
1709 1906 1783 1951 ad·

202 1973 319 2027 didit.
370 1973 558 2027 Quorum
588 1974 769 2018 alterum
797 1973 978 2026 defendi,
1009 1975 1191 2019 alterum
1222 1974 1417 2021 excusari
1446 1974 1598 2020 saltem
1626 1978 1783 2030 potest.

339 2042 422 2087 Sed
450 2055 535 2087 non
564 2042 745 2088 obscure
774 2046 954 2094 tantum,
984 2045 1112 2088 etiam
1141 2044 1301 2089 diserte
1320 2045 1562 2100 complures
1583 2048 1782 2090 auctores

204 2111 375 2164 nomine
403 2112 548 2165 addito
578 2112 739 2160 laudat.
800 2112 984 2157 Causam
1013 2113 1170 2158 iterum
1201 2113 1404 2169 exemplis
1434 2108 1623 2168 agemus.

337 2180 399 2225 IV
427 2180 468 2231 5,
498 2180 548 2225 6:
598 2182 693 2237 „Ea
731 2182 912 2226 historia
951 2183 1004 2226 de
1044 2182 1311 2237 aruspicibus
1356 2196 1405 2227 ac
1444 2183 1498 2227 de
1527 2195 1654 2227 versu
1692 2183 1779 2228 isto

204 2249 401 2303 „senario
440 2249 603 2304 scripta
632 2252 699 2294 est
735 2250 778 2294 in
816 2250 1041 2294 annalibus
1076 2251 1284 2300 maximis,
1326 2250 1446 2308 libro„
1472 2251 1694 2297 undecimo
1713 2255 1794 2311 ,gt

203 2318 276 2372 „in
304 2318 431 2362 Verri
460 2317 602 2362 Flacci
631 2318 739 2362 libro
768 2319 905 2373 primo
944 2332 1087 2363 rerum
1127 2320 1330 2362 memoria
1358 2318 1626 2374 dignarum.“
1685 2311 1793 2364 NH

201 2386 363 2440 mimus
408 2397 487 2441 ego
517 2386 600 2442 ,hic
644 2387 860 2433 annalium
901 2389 1181 2434 maximorum
1225 2387 1481 2432 mentionem
1529 2400 1582 2432 ex
1625 2387 1780 2433 Verrio

204 2453 357 2515 Flacco
380 2455 575 2500 derivare
596 2456 800 2501 studebo:
821 2458 1004 2512 praeivit
1026 2458 1109 2501 iam
1130 2456 1371 2507 Hulleman‚
1395 2457 1467 2512 qui
1483 2456 1589 2512 disp.
1613 2457 1705 2502 crit
1727 2458 1781 2504 de

204 2523 426 2576 annalibus
457 2525 652 2570 maximis
681 2537 722 2580 p.
739 2523 795 2568 79
814 2525 849 2582 2)
880 2525 1062 2571 Gellium
1092 2525 1266 2571 annales
1295 2526 1414 2581 ipsos
1442 2526 1681 2582 inspexisse
1711 2541 1781 2574 ne-

344 2651 370 2691 ¹)
412 2649 547 2686 Contra
568 2650 810 2690 Mercklinum
843 2651 949 2688 aliter
981 2651 1026 2688 de
1056 2651 1125 2686 hoc
1155 2650 1236 2686 loco
1269 2651 1534 2688 existimantem
1558 2651 1581 2687 l.
1606 2651 1629 2689 l.
1652 2662 1687 2698 p.
1713 2654 1780 2689 663

200 2705 295 2742 infra
318 2705 512 2751 disputabo
536 2706 584 2743 ad
608 2707 773 2743 Asinium
796 2708 1006 2745 Pollionem.

342 2764 372 2806 ²)
412 2763 522 2800 Cuius
544 2764 598 2801 rei
621 2765 786 2801 notitiam
810 2765 923 2802 debeo
946 2765 1163 2811 Huebnero,
1198 2766 1258 2810 qui
1290 2776 1419 2804 censor
1449 2766 1545 2802 illius
1574 2766 1712 2803 exstitit
1740 2767 1779 2802 in

201 2828 283 2858 ann.
305 2818 432 2865 philol.
457 2824 494 2859 et
515 2821 621 2867 paed.
670 2823 770 2860 1859.
793 2833 828 2868 p.
851 2823 931 2859 417.

1814 1249 1826 1345 ι
1906 1274 1949 1327 3⁶

1883 1764 1923 1795 ⁴*
