2098 3256
861 157 1144 202 —49-....

220 277 405 325 Varroni
433 276 608 328 debeat,
640 288 752 332 quae
780 278 874 330 ipse
904 275 1117 319 adiecerit.
1167 273 1292 318 'Nihil
1320 274 1438 317 iuvat
1467 270 1586 315 adire
1616 264 1800 311 Nonium

219 361 261 404 p.
291 346 347 391 53
371 345 413 402 b,
444 347 518 402 qui
547 346 601 391 de
631 344 760 389 verbo
791 343 989 388 aedituor
1017 343 1199 399 quaerit,
1236 341 1341 386 nihil
1370 339 1489 385 Paul.
1520 338 1638 382 Diac.
1670 348 1711 391 p.
1748 332 1798 376 13

220 416 280 462 M.
309 428 344 461 s.
375 429 414 460 v.
444 415 643 460 aedituus
679 413 747 458 vel
788 412 1030 457 Charisium
1059 425 1099 466 p.
1130 410 1187 454 58
1216 411 1260 455 Ρ,
1304 411 1369 460 75,
1404 410 1455 453 18
1484 409 1608 462 Keil,
1653 406 1726 462 qui
1756 406 1800 448 in

129 529 131 531 ,
220 485 500 541 segregandis
529 483 704 528 vocibus
734 483 931 528 aedituus
969 485 1013 527 et
1043 481 1271 526 aeditimus
1309 480 1551 534 concinunt,
1593 474 1699 521 nihil
1728 474 1801 519 de·

221 556 353 611 nique
378 554 519 610 ipsum
549 554 785 598 Varronem
814 553 855 596 d.
884 552 987 606 ling.
1019 553 1092 595 lat.
1123 552 1205 595 VII
1252 551 1300 592 12
1332 555 1376 594 et
1403 551 1507 594 VIII
1536 547 1615 596 61,
1660 547 1714 590 de
1751 556 1799 587 re

223 626 331 668 rust.
361 623 383 667 I
412 621 452 665 2.
495 621 720 676 copiosius
751 620 876 675 enim,
908 631 1034 674 quam
1065 631 1225 674 omnes,
1256 617 1421 662 Gellius
1451 621 1495 661 et
1523 612 1800 671 proculdubio

225 691 355 736 etiam
392 691 528 735 Varro
565 689 619 732 de
655 701 778 732 serm.
797 688 886 731 lat.
921 719 926 722 ,
958 687 1037 730 Cui
1081 687 1223 730 nescio
1268 699 1322 729 an
1366 689 1541 739 praeter
1584 683 1801 727 Ciceronis

223 757 364 803 locum
395 756 419 813 ἐ
452 755 476 798 7
508 761 552 801 et
580 755 766 801 fortasse
796 754 986 800 Lucretii
1016 753 1039 809 ξ
1069 752 1097 795 8
1128 755 1269 798 omnia
1297 753 1525 798 tribuenda
1554 752 1649 796 sint.
1699 750 1801 795 Cer-

224 826 282 871 tis
324 824 479 870 finibus
519 825 706 868 coerceri
746 827 928 879 queunt,
974 835 1084 877 quae
1122 835 1173 866 ex
1203 823 1333 865 tertio
1364 822 1403 864 d.
1434 834 1558 864 serm.
1589 822 1663 864 lat.
1693 820 1802 863 libro

226 893 391 941 Gellius
422 893 607 938 servavit
634 892 737 938 XVI
771 890 833 936 12.
896 891 1004 937 Nam
1035 891 1189 936 Cloatii
1225 891 1364 936 locum
1400 904 1426 935 a
1455 890 1649 937 Varrone
1684 887 1803 943 repe-

225 967 343 1018 tere,
386 963 425 1006 si
458 962 606 1007 liceret
639 962 819 1005 maxime
856 974 934 1015 per
969 963 1209 1014 temporum
1244 961 1454 1003 rationem
1493 983 1544 989 -
1585 958 1806 1001 dubitatur

227 1032 339 1077 enim
367 1031 422 1075 de
449 1031 564 1076 illius
595 1033 740 1084 aetate
769 1053 826 1062 —
855 1042 978 1074 nemo
1014 1040 1145 1073 sanus
1182 1028 1391 1073 audebit·
1429 1028 1498 1073 Sic
1527 1028 1711 1073 Varroni
1739 1038 1806 1071 re·

225 1100 487 1158 linquuntur,
519 1112 629 1156 quae
659 1098 683 1155 ξ
714 1098 739 1140 7
769 1102 813 1142 et
842 1096 869 1141 8
899 1101 1080 1143 exstant.

364 1168 577 1220 Quaeram
617 1166 833 1220 oportebit
871 1167 924 1209 de
963 1167 1055 1209 loco
1096 1166 1281 1220 quodam
1318 1165 1574 1215 difficiliore;
1621 1178 1698 1209 cur
1725 1164 1806 1208 hoc

227 1236 320 1282 loco
350 1248 573 1293 quaeram,
611 1246 709 1279 mox
738 1234 973 1289 apparebit.
1031 1234 1091 1278 VI
1126 1232 1176 1274 14
1206 1233 1369 1278 Gellius
1399 1235 1451 1278 de
1480 1235 1608 1278 variis
1640 1234 1807 1278 dicendi

228 1305 457 1361 generibus
487 1304 610 1355 docte
641 1303 826 1355 disserit,
857 1302 880 1357 ξ
911 1300 937 1342 6
967 1303 1024 1345 Μ.
1044 1303 1182 1346 Varro
1211 1303 1427 1358 laudatur,
1457 1315 1542 1345 non
1571 1304 1608 1346 is
1639 1303 1807 1358 quidem

229 1378 280 1418 ut
314 1373 447 1417 totius
484 1372 637 1427 capitis
674 1380 841 1420 auctor,
887 1370 962 1414 sed
990 1371 1071 1424 ita,
1117 1373 1166 1414 ut
1205 1370 1312 1415 bene
1352 1372 1390 1415 ei
1431 1371 1598 1426 reliqua
1638 1384 1808 1427 quoque

231 1441 497 1489 conveniant,
526 1443 571 1484 et
599 1439 735 1494 facile,
766 1440 880 1494 quod
911 1438 1075 1482 Gellius
1105 1439 1292 1495 reticuit,
1320 1440 1564 1484 coniectura
1595 1440 1811 1495 suppleas,

233 1513 371 1556 totum
402 1508 584 1555 Gellium
620 1508 688 1553 hic
718 1522 744 1552 a
773 1508 978 1553 Varronis
1017 1509 1276 1552 auctoritate
1313 1510 1514 1564 pendere.
1573 1509 1662 1554 Nec
1691 1510 1812 1553 Ruti·

233 1578 337 1623 lium
366 1581 443 1623 aut
473 1577 692 1632 Polybium
723 1576 765 1631 (§
792 1575 862 1626 10)
893 1577 974 1620 hoc
1002 1590 1085 1620 uno
1116 1577 1210 1621 loco
1240 1581 1286 1621 et
1314 1579 1406 1621 sine
1437 1579 1642 1621 librorum
1672 1579 1810 1621 titulis

231 1646 429 1692 laudatos
458 1645 644 1691 Varroni
672 1644 849 1689 reddere
879 1643 1040 1690 dubito.
1080 1644 1164 1690 Sed
1193 1644 1299 1690 haec
1329 1644 1371 1701 (ξ
1401 1645 1561 1698 8-10)
1593 1647 1647 1691 ad
1677 1647 1811 1691 histo-

233 1716 322 1761 rica
349 1727 571 1759 reservare
603 1715 739 1757 satius
769 1714 881 1757 duxi.
941 1714 1006 1757 De
1036 1713 1144 1757 libro
1174 1718 1319 1757 autem
1349 1716 1568 1769 Varronis,
1599 1717 1654 1759 ad
1686 1729 1811 1770 quem

235 1782 376 1827 omnia
404 1781 554 1826 referri
585 1781 765 1836 possint,
794 1780 1068 1824 vehementer
1099 1781 1340 1826 dubitatum
1371 1787 1448 1827 est.
1507 1783 1590 1828 Vd.
1620 1784 1814 1829 Ritsche-

234 1851 339 1896 lium
378 1851 423 1895 in
464 1853 628 1905 quaest.
659 1849 783 1893 Varr.
815 1863 855 1903 p.
892 1848 943 1890 14
978 1853 1062 1892 not.
1103 1851 1368 1906 eundemque
1398 1851 1442 1895 in
1472 1852 1530 1895 M.
1563 1852 1643 1896 Rh.
1673 1853 1724 1897 N.
1754 1853 1815 1897 Ἦ

235 1933 277 1978 p.
307 1918 406 1965 524.
447 1919 595 1963 Priore
624 1917 715 1962 loco
746 1931 809 1973 ea,
842 1931 952 1974 quae
982 1919 1096 1974 apud
1125 1918 1307 1964 Gellium
1338 1920 1361 1976 ᾗ
1397 1921 1413 1962 1
1447 1921 1648 1976 leguntur
1683 1935 1816 1978 „quae

239 1989 418 2039 „Graeci
443 1989 726 2047 χαρακτῆρας
743 1987 916 2032 vocant“
944 1989 1160 2032 coniunxit
1179 2002 1273 2033 cum
1294 1990 1387 2034 loco
1405 1989 1588 2035 Charisii
1604 2005 1640 2046 p.
1668 1990 1748 2033 170
1765 1992 1814 2036 Ρ.

242 2056 347 2115 189,
391 2056 445 2099 25
476 2058 547 2102 K:
603 2058 764 2113 „Varro
795 2058 856 2101 Sic
885 2058 948 2101 ait
986 2058 1030 2101 in
1059 2058 1124 2102 III
1152 2058 1250 2117 περὶ
1273 2058 1606 2118 χαρακτήρων“,
1651 2064 1696 2104 et
1734 2061 1816 2104 nisi

239 2128 335 2184 quis
374 2128 428 2171 de
468 2131 618 2171 satura
657 2127 873 2181 tripertita
913 2128 1102 2181 cogitare
1141 2129 1308 2182 mallet,
1361 2130 1540 2173 coniecit
1579 2129 1689 2172 hunc
1726 2128 1816 2172 fere

237 2194 334 2241 libri
353 2195 610 2241 Varroniani
639 2195 771 2241 fuisse
801 2195 993 2240 titulum:
1023 2196 1121 2254 περὶ
1145 2196 1448 2256 χαρακτήρων,
1480 2198 1533 2242 de
1553 2192 1817 2252 proprietate

240 2265 519 2320 scriptorum,
541 2266 654 2320 quod
685 2265 865 2309 alterum
896 2277 947 2308 ex
966 2265 1104 2309 Nonio
1135 2280 1176 2320 p.
1209 2264 1293 2308 228
1315 2267 1352 2310 b.
1386 2267 1549 2311 accivit.
1590 2267 1673 2310 Sed
1693 2266 1819 2310 aliter

242 2333 355 2379 idem
393 2334 458 2378 vir
497 2334 647 2378 doctus
686 2334 888 2378 iudicavit
925 2335 1162 2389 posteriore
1201 2335 1293 2380 loco
1334 2349 1372 2390 p.
1415 2333 1512 2380 520.
1575 2335 1667 2378 Iam
1707 2336 1819 2379 enim

239 2402 341 2462 περὶ
373 2402 664 2462 χαρακτήρων
704 2397 876 2447 titulum
915 2403 1209 2458 explicandum
1244 2417 1339 2448 esse
1376 2405 1438 2448 ait
1472 2404 1564 2448 loco
1601 2404 1818 2449 Ciceronis

241 2471 346 2527 Top.
379 2470 460 2516 22:
510 2472 775 2531 „descriptio‚
821 2485 949 2528 quam
978 2472 1131 2517 Graeci
1158 2474 1411 2531 χαρακτῆρα
1439 2472 1635 2529 vocant“‚
1679 2474 1743 2526 ita
1772 2478 1822 2516 ut

242 2540 386 2588 Varro
426 2540 645 2585 hominum
679 2553 883 2596 personas
915 2554 965 2585 eo
1000 2541 1109 2585 libro
1145 2542 1422 2596 descripsisse
1451 2542 1691 2596 videretur;
1736 2544 1763 2586 l.
1794 2544 1821 2586 l.

242 2620 282 2664 p.
301 2606 390 2650 524
418 2612 612 2653 nostrum
642 2610 783 2654 locum
812 2609 868 2653 ad
895 2608 1050 2653 librum
1079 2610 1134 2653 de
1162 2609 1426 2664 proprietate
1457 2611 1713 2666 scriptorum
1741 2612 1823 2656 rei·

242 2688 339 2722 cere
367 2678 518 2723 maluit
546 2678 615 2724 vel
644 2680 697 2723 ad
726 2678 858 2723 libros
890 2679 943 2722 de
973 2691 1168 2722 sermone
1196 2679 1354 2736 latino,
1392 2693 1642 2735 comparans
1671 2694 1821 2725 rursus

242 2744 385 2790 locum
414 2744 602 2791 Charisii
631 2759 839 2802 perquam
867 2746 1065 2791 idoneum
1093 2759 1136 2801 p.
1167 2744 1250 2788 215
1280 2747 1328 2791 P.
1359 2746 1458 2804 241,
1488 2748 1543 2790 27
1573 2748 1649 2794 K.:
1685 2744 1823 2813 „'Hz9q‚

245 2816 322 2871 ,ut
362 2814 425 2860 ait
455 2815 596 2862 Varro
619 2816 688 2861 -de
726 2815 860 2862 latino
896 2828 1092 2862 sermone
1127 2816 1235 2862 libro
1266 2818 1316 2871 V,
1361 2817 1489 2863 nullis
1525 2818 1621 2863 aliis
1649 2821 1825 2867 servare

1544 2898 1568 2931 4
