2098 3261
911 118 1197 173 ..so-'-

401 245 536 288 Nemo
566 257 669 288 vero
699 245 725 288 l.
756 246 801 288 11
830 258 864 289 c.
901 243 965 299 10,
997 244 1069 289 ubi
1098 244 1261 289 Gellius
1292 246 1519 301 epistulam
1549 246 1757 291 Varronis
1788 245 1844 290 ad

261 312 496 368 Sulpicium
524 311 779 368 rescriptam
818 317 862 359 et
898 314 1012 369 quod
1042 316 1170 358 antea
1200 313 1417 370 Sulpicius
1449 314 1686 377 Varronem
1715 313 1845 360 inter·

263 385 506 438 rogaverat,
537 386 731 437 enarrat,
769 382 879 427 hauc
907 382 1101 427 notitiam
1132 395 1183 426 ex
1214 383 1388 437 Sulpicii
1423 383 1608 438 epistula
1637 396 1765 438 quam
1795 396 1847 428 ex

268 450 469 495 Varronis
500 451 696 496 derivare
728 452 872 496 malet.

748 568 824 616 18.
887 567 938 616 C.
976 568 1132 617 Julius
1170 566 1364 617 Caesar.

400 657 422 701 1
457 655 520 711 ¹0,
553 662 577 698 4
610 670 634 701 e
663 656 773 702 libro
813 657 950 712 primo
986 657 1047 701 de
1078 657 1329 712 analogia
1366 655 1544 702 affertur
1571 661 1845 714 praeceptum

262 724 366 768 illud
397 726 604 769 sermonis
640 728 714 773 „ut
742 729 946 781 tanquam
975 726 1218 780 scopulum,
1248 726 1310 770 sic
1338 725 1478 780 fugias
1508 724 1745 770 inauditum
1775 730 1844 771 at-

270 805 375 849 „que
404 793 592 837 insolens
608 792 820 837 verbum*
870 793 993 846 Quod
1008 793 1200 848 quamvis
1216 793 1455 838 Favorinus
1479 794 1724 838 memoriter
1752 806 1844 839 ser-

261 865 408 905 vatum
438 863 620 905 alterum
650 863 869 906 recordari
898 862 1037 917 iubet,
1081 862 1195 906 haud
1230 865 1377 906 tamen
1416 875 1443 906 a
1481 875 1582 906 vero
1613 862 1844 918 aberrabit,

261 930 336 985 qui
368 930 492 975 Gellii
523 931 718 975 lectionis
758 925 987 986 vestigium
1028 930 1227 986 babebit,
1270 930 1523 985 praesertim
1554 943 1685 987 quum
1716 931 1847 976 etiam

260 998 361 1042 libri
392 1011 595 1043 numerus
618 999 790 1043 additus
818 1001 887 1043 sit.
937 1000 1141 1044 Eiusdem
1161 999 1257 1043 libri
1288 1000 1412 1053 primi
1441 1000 1494 1043 de
1524 1000 1722 1055 analogia
1740 1011 1846 1044 usus

259 1070 442 1122 apparet
470 1068 572 1112 XIX
590 1066 632 1124 8,
664 1066 689 1111 3
720 1071 764 1113 et
795 1067 834 1123 7,
866 1068 938 1113 ubi
969 1067 1041 1124 §8
1069 1069 1208 1114 locum
1229 1068 1439 1125 quendam
1467 1068 1682 1124 integrum
1708 1071 1848 1114 trans-

262 1137 468 1190 scriptum
498 1137 644 1181 habes.
704 1137 964 1182 Mercklinus
997 1151 1033 1191 p.
1056 1137 1141 1180 650
1171 1138 1363 1192 coniecit,
1406 1138 1601 1192 exempla
1629 1137 1774 1182 Plauti
1803 1140 1847 1181 et

261 1205 387 1249 Ennii
418 1204 442 1260 ξ
464 1203 490 1246 6
520 1218 547 1249 a
578 1205 764 1250 Caesare
785 1209 862 1250 aut
892 1219 919 1250 a
948 1206 1166 1251 Frontone
1187 1206 1379 1261 profecta
1400 1218 1507 1251 esse.
1570 1206 1655 1251 Sed
1684 1219 1710 1250 a
1740 1205 1846 1250 Cae·

261 1284 359 1316 sare
398 1274 625 1328 quominus
666 1273 836 1316 credam
877 1273 1105 1327 prohibent
1144 1274 1275 1317 verba
1311 1273 1439 1317 Gellii
1469 1273 1492 1329 ς
1524 1272 1570 1324 6,
1617 1273 1845 1318 Caesarem

259 1340 524 1385 inimicitiam
544 1340 826 1396 singulariter
855 1354 880 1384 a
909 1340 1125 1385 veteribus
1150 1341 1308 1385 dictam
1328 1340 1563 1396 negavisse.
1620 1341 1845 1396 Equidem,

261 1409 299 1451 si
330 1421 441 1463 quae
470 1409 669 1454 Caesaris
699 1409 880 1463 fuerint,
925 1411 1055 1453 certis
1091 1409 1246 1453 finibus
1285 1409 1442 1453 includi
1472 1409 1617 1465 iubes,
1661 1409 1717 1453 ad
1746 1421 1844 1453 eum

260 1478 477 1533 pertinere
507 1480 613 1533 puto
641 1476 665 1533 ξ
696 1475 722 1519 3
754 1480 881 1532 extr,
926 1476 950 1532 ξ
981 1477 1030 1533 4,
1076 1477 1100 1534 ξ
1131 1475 1178 1532 8,
1225 1477 1249 1534 ξ
1285 1477 1471 1533 11-13,
1515 1490 1625 1535 quae
1654 1480 1845 1523 extrema

259 1547 362 1591 lieet
400 1547 562 1591 Fronto
602 1547 740 1601 dicat,
797 1551 1000 1602 tanquam
1039 1546 1241 1591 Caesaris
1279 1547 1534 1592 sententiam
1575 1545 1842 1601 defensurus,

260 1616 353 1660 eius
384 1615 688 1671 disputationis
717 1614 1038 1660 fundamentum
1082 1616 1137 1660 ab
1176 1616 1270 1670 ipso
1311 1615 1496 1660 Caesare
1525 1615 1744 1660 subditum
1774 1627 1844 1659 ex-

261 1685 416 1728 istimo.
476 1684 605 1728 Certe
635 1685 793 1738 Varro,
840 1686 913 1739 qui
954 1685 994 1728 d.
1023 1685 1125 1739 ling.
1155 1684 1229 1728 lat.
1259 1684 1300 1728 X
1341 1684 1365 1740 5
1396 1682 1451 1726 66
1491 1687 1537 1728 et
1572 1682 1627 1726 67
1658 1683 1761 1727 alibi
1791 1684 1845 1727 de

261 1751 343 1797 hac
371 1752 663 1796 controversia
691 1752 852 1797 multus
884 1755 952 1797 est
990 1756 1036 1797 et
1074 1752 1264 1808 exemplo
1294 1764 1463 1809 quoque
1493 1752 1731 1808 quadrigae
1760 1751 1844 1797 uti·

261 1823 346 1874 tur,
377 1822 529 1865 auctor
556 1832 641 1864 non
665 1819 761 1874 fuit,
794 1820 1016 1865 Charisius
1046 1833 1085 1875 p.
1108 1818 1159 1862 19
1190 1821 1236 1864 Ρ.
1264 1818 1313 1862 31
1338 1833 1430 1876 sqq.
1446 1820 1496 1864 K·
1514 1821 1729 1865 diversum
1755 1819 1846 1864 fon-

260 1892 349 1932 tem
378 1888 560 1946 redolet,
587 1889 760 1934 Servius
789 1888 874 1932 XII
899 1887 963 1939 16,
984 1887 1011 1929 4
1041 1889 1277 1934 Varronem
1317 1893 1490 1934 secutus
1515 1888 1627 1934 'esse
1665 1889 1845 1934 videtur.

264 1957 359 2001 Una
386 1957 622 2011 tractandi,
662 1960 712 2000 ut
741 1958 912 2012 opinor,
943 1957 1097 2012 reliqui
1135 1957 1220 2001 duo
1249 1957 1334 2002 loci
1363 1959 1476 2002 sunt.
1535 1957 1720 2001 Disserit
1749 1955 1848 2001 Gel-

260 2024 344 2069 lius
373 2025 436 2069 IV
470 2022 521 2066 16
562 2025 615 2069 de
652 2024 801 2069 formis
842 2029 1023 2081 quartae
1064 2024 1384 2081 declinationis,
1421 2025 1484 2069 IX
1518 2023 1571 2066 14
1599 2025 1653 2069 de
1682 2025 1844 2082 quinta,

262 2093 490 2150 utrobique
535 2093 685 2138 eodem
730 2093 1033 2149 disputationis
1076 2093 1162 2138 filo.
1220 2094 1270 2138 In
1309 2093 1393 2139 fine
1432 2094 1655 2150 utriusque
1693 2094 1846 2150 capitis

261 2162 309 2206 C.
341 2162 503 2211 Caesar
531 2163 734 2207 laudatur
761 2162 824 2207 IV
849 2160 910 2211 16,
941 2161 969 2205 9
1015 2162 1087 2217 „In
1120 2161 1242 2206 libris
1262 2174 1431 2218 quoque
1452 2162 1685 2217 analogicis
1706 2162 1848 2207 omnia

267 2230 532 2286 ,istiusmodi
563 2231 656 2274 sine
686 2232 700 2274 i
729 2230 875 2275 littera
905 2230 1085 2274 dicenda
1115 2229 1281 2274 censet?
1318 2234 1466 2281 (antea
1496 2243 1549 2275 ex
1576 2230 1713 2285 ipsius
1739 2229 1846 2274 Cae-

259 2300 372 2344 saris
407 2299 529 2343 libris
571 2298 764 2354 exempla
802 2297 1039 2353 ponuntur)
1076 2298 1138 2342 IX
1174 2297 1237 2352 14,
1280 2297 1334 2340 25
1385 2298 1493 2354 „Sed
1534 2298 1580 2343 C.
1613 2298 1776 2343 Caesar
1803 2298 1848 2343 in

266 2367 399 2423 „libro
428 2368 482 2413 de
513 2368 715 2424 analogia
744 2368 932 2413 secundo
962 2367 1090 2412 huius
1120 2368 1188 2412 die
1219 2371 1264 2412 et
1293 2367 1420 2412 huius
1451 2368 1594 2423 specie
1624 2367 1847 2412 dicendum

267 2436 448 2492 „putaffl
514 2437 725 2492 Equidem
746 2449 877 2493 quum
903 2436 1103 2481 Caesaris
1123 2434 1379 2481 mentionem
1409 2440 1498 2481 tam
1522 2435 1664 2481 obiter
1692 2435 1848 2481 factam

262 2510 308 2551 et
337 2506 530 2562 exempla
558 2506 740 2563 Vergilii
771 2510 815 2551 et
844 2506 982 2562 ipsius
1011 2509 1181 2561 reputo,
1216 2518 1327 2562 quae
1356 2505 1411 2550 ab
1442 2518 1493 2551 eo
1522 2504 1733 2561 proficisci
1763 2518 1848 2551 non

260 2578 517 2631 potuerunt,
562 2576 731 2620 omnino
770 2575 1002 2621 Caesarem
1041 2575 1231 2620 arbitror
1267 2587 1352 2619 non
1391 2577 1533 2631 ipsum
1549 2611 1551 2613 .
1567 2587 1595 2619 a
1624 2574 1763 2620 Gellio
1794 2575 1849 2620 ad
1882 2628 1884 2631 p

260 2647 408 2700 partes
437 2647 635 2689 vocatum
666 2657 773 2690 esse.
833 2645 943 2690 Nam
973 2645 1160 2690 omnium
1199 2644 1296 2689 fons
1334 2644 1407 2700 qui
1446 2655 1532 2688 non
1569 2655 1665 2689 esse
1694 2644 1848 2700 possit,

260 2725 339 2758 neo
366 2714 505 2769 partis
543 2713 677 2759 fuisse
714 2714 898 2759 videtur.
957 2713 1038 2758 Vd.
1069 2725 1181 2769 quae
1220 2712 1332 2758 inira
1370 2712 1510 2757 dicam
1548 2712 1603 2757 de
1632 2711 1847 2757 Caesellio
1908 2706 1910 2709 ⁴

259 2781 450 2829 Vindice.
